2195 3657
1845 117 1933 177 39

95 255 282 317 laevis,
333 257 544 320 nitidus,
615 260 830 321 solidus,
892 276 1044 323 supra
1098 260 1306 310 medinm
1357 263 1508 312 semel
1566 262 1701 313 bisve
1752 265 1931 327 flexus,

94 355 220 405 ultra
260 357 336 406 vel
380 374 533 423 usque
587 361 646 409 ad
687 359 895 408 medium
949 359 1177 409 foliorum
1230 362 1427 425 vaginis
1482 370 1657 413 tectus.
1769 364 1930 413 Semi-

92 449 281 513 pedalis
322 458 404 499 aut
446 452 592 515 paulo
634 452 845 517 longior,
885 454 932 501 in
975 454 1081 502 solo
1122 454 1270 502 fertili
1314 455 1503 518 pedalis
1544 456 1768 506 altiorve.
1828 459 1929 506 Fo-

89 547 156 597 lia
197 547 392 598 caulina
432 552 466 598 4
492 582 552 587 --
582 552 642 612 6,
701 550 1032 612 semiteretia,
1083 552 1132 600 in
1173 553 1363 616 apicem
1405 554 1683 603 subulatum
1726 572 1928 605 succes-

86 646 191 695 sive
239 656 524 710 attenuata,
577 666 731 713 supra
780 650 1141 712 eanalicfflata,
1200 652 1506 715 marginibus
1567 653 1925 712 scabrinscula,

86 752 337 794 caeterum
379 725 567 808 laevia,
627 747 800 795 subtus
853 748 1157 809 substriata,
1222 750 1484 811 superiora
1535 767 1737 815 scapum
1778 768 1927 799 exce-

84 843 277 905 dentia,
317 844 509 892 demum
548 859 775 893 recurva.
885 843 1062 893 Flores
1103 845 1152 892 in
1195 845 1407 894 umbella
1447 845 1599 908 laxa,
1657 848 1925 898 1n11ltissora

82 945 131 1001 (a
169 940 241 990 20
275 942 336 990 ad
374 942 443 990 40
482 948 527 988 et
569 939 746 1005 ultra),
810 940 1090 1005 impuberes
1144 952 1190 990 et
1242 943 1562 993 florescentes
1617 946 1785 994 cernui
1835 964 1921 996 seu

84 1038 306 1103 penduli,
369 1049 464 1088 tum
507 1048 764 1102 nutantes,
807 1041 998 1089 demum
1039 1059 1146 1090 cum
1187 1042 1344 1091 fructu
1389 1044 1572 1104 erecti,
1628 1046 1921 1107 pedunculis

80 1120 419 1204 filiformibus,
462 1142 550 1188 sub
594 1140 712 1189 flore
759 1140 1082 1203 incrassatis,
1126 1141 1643 1205 semi-pollicaribus,
1683 1144 1923 1208 longiori-

81 1239 170 1287 bus
222 1237 653 1303 brevioribusque,
714 1255 920 1288 amoene
976 1239 1236 1304 purpureis
1292 1240 1478 1302 innixi,
1548 1242 1706 1290 bulbis
1762 1244 1922 1292 ovatis

76 1337 236 1388 acutis
277 1337 515 1387 viridibus
544 1338 592 1386 in
633 1338 899 1403 capitulum
942 1340 1257 1402 sphaericum
1298 1342 1500 1390 densum
1543 1343 1813 1404 compartis
1848 1344 1922 1392 in-

76 1438 338 1489 terstincti.
415 1439 609 1502 Spatha
645 1439 1093 1504 ovato-oblonga,
1136 1441 1371 1500 bivalvis;
1414 1442 1626 1490 valvulis
1667 1444 1918 1506 concavis,

74 1537 656 1600 albo-membranaceis,
699 1555 850 1603 saepe
891 1542 1070 1588 rubore
1119 1556 1267 1604 parco
1300 1540 1491 1603 tinctis,
1532 1541 1757 1592 nervosis
1782 1545 1917 1607 (uer-

75 1638 148 1688 vis
190 1638 428 1688 viridibus
468 1639 627 1704 quinis
668 1638 975 1703 septenisve)
1036 1639 1085 1688 in
1127 1640 1377 1702 cuspidem
1419 1640 1619 1704 longam
1661 1642 1918 1691 semitere-

75 1747 168 1787 tem
210 1739 458 1800 extensis,
516 1739 676 1788 altera
717 1738 927 1803 amplior
969 1739 1016 1786 in
1061 1740 1312 1805 cuspidem
1352 1740 1754 1804 3-pollicarem,
1796 1759 1917 1791 non-

73 1854 323 1903 nunquam
363 1837 714 1901 semipedalem
770 1836 1099 1902 prolongata,
1164 1838 1322 1886 altera
1372 1840 1663 1903 augustior,
1722 1841 1917 1890 brevius

73 1938 349 2002 cuspidata.
428 1936 632 1987 Corolla
673 1954 880 1986 amoene
922 1954 1199 2002 purpurea,
1242 1941 1484 2000 obovata,
1544 1943 1716 1990 obtuse
1760 1941 1915 1992 trian—

72 2037 273 2102 gulata:
327 2036 506 2100 petalis
558 2036 962 2098 conniventibus,
1012 2038 1331 2102 aequalibus,
1394 2037 1656 2103 ellipticis,
1708 2041 1917 2102 obtusis,

71 2131 213 2195 apice
253 2130 574 2191 subinssexis‚
615 2133 762 2181 dorso
799 2132 931 2181 linea
970 2133 1260 2195 profundius
1302 2134 1524 2183 colorata
1564 2135 1765 2199 notatis,
1804 2152 1917 2199 per-

74 2232 379 2284 sistentibus.
491 2231 717 2282 Stamina
776 2233 1043 2284 filamentis
1085 2234 1390 2299 simplicibus
1432 2236 1675 2294 setaceis‚
1732 2255 1915 2301 purpu-

74 2330 201 2393 reis,
259 2329 447 2379 corolla
505 2331 697 2378 demum
767 2330 913 2394 duplo
975 2330 1311 2394 longioribus3
1387 2332 1610 2382 antheris
1670 2333 1914 2398 oblongis,

72 2430 210 2480 sulco
253 2429 457 2494 divisis,
496 2430 714 2491 obtusis,
768 2430 875 2480 basi
916 2431 1296 2496 subsagittatis‚
1349 2432 1622 2495 purpureis.
1700 2433 1912 2482 Germen

73 2532 370 2591 obovatum,
410 2530 585 2579 obtuse
626 2531 995 2595 sexangulum,
1036 2530 1207 2581 viride.
1284 2531 1456 2597 Stylus
1496 2540 1755 2593 setaceus‚
1796 2551 1912 2598 pur-

73 2647 283 2695 pureus,
344 2630 533 2679 corolla
585 2631 775 2678 demum
828 2630 974 2694 duplo
1014 2630 1228 2694 longior.
1317 2630 1510 2696 Stigma
1550 2640 1746 2681 acutum
1787 2632 1907 2681 albi-

70 2732 200 2780 dum.
297 2728 522 2793 Capsula
573 2767 580 2776 .
624 2768 630 2776 .
675 2765 685 2777 .
723 2768 733 2779 .
823 2730 955 2778 Odor
1006 2730 1177 2779 totius
1207 2731 1405 2793 plantae
1456 2730 1711 2794 ingratus,
1789 2749 1911 2796 quo-

69 2827 328 2877 dammodo
369 2841 631 2890 rapaceuS.

210 2935 417 2986 Habitat
458 2936 504 2986 iu
544 2936 847 3002 graminosis
887 2938 1135 2988 montanis
1177 2944 1223 2988 et
1264 2937 1445 3002 alpinis
1487 2937 1737 2987 Croatiae.
1803 2938 1909 2986 Pri-

70 3050 148 3083 mo
186 3033 364 3085 intuitu
403 3033 705 3087 simillimum
745 3042 818 3084 est
855 3032 929 3086 Α.
970 3039 1255 3095 σανὶφιατος
1312 3036 1399 3085 sed
1443 3034 1572 3085 foliis
1612 3035 1909 3084 semitereti-

72 3139 190 3198 bus,
231 3152 382 3200 scapo
425 3136 584 3199 flexo,
625 3136 943 3197 florescentia
982 3137 1171 3187 seriore
1214 3117 1498 3188 constanter
1536 3137 1800 3187 diversum.
1844 3166 1905 3174 —

75 3234 295 3300 Vaginae
359 3243 570 3300 teretes,
638 3236 872 3299 striatae,
933 3236 1133 3298 laeves,
1195 3254 1277 3286 ore
1339 3238 1771 3296 membranaceae,
1831 3233 1906 3282 al-

74 3332 233 3383 bidae.
