2195 3657
230 236 358 298 338

233 388 338 437 rius
379 384 791 450 expoliendarum
831 388 880 434 et
921 380 1339 431 exstruendarum
1380 380 1640 444 hucusque
1692 379 1938 444 intactaS,
1976 397 2094 430 ,nec

234 489 263 521 a
299 486 376 520 me
416 467 513 517 nisi
555 475 739 516 temere
782 471 830 514 ct
870 471 1108 530 quantum
1144 479 1353 512 necesse
1394 461 1487 511 fnit
1527 463 1841 515 emendatas.
1911 515 1915 519 ,
1952 463 2097 525 Qua-

233 571 339 603 rum
391 550 769 601 adnotationum
819 548 1006 612 primae
1060 546 1307 597 rariorum
1361 546 1490 595 inter
1545 546 1835 611 plantarum
1882 547 2101 612 Hunga-

234 637 341 686 riae
384 643 568 683 tomum
608 630 819 696 primum
860 640 907 679 et
944 630 1214 679 secundum
1245 636 1383 678 ortae
1413 628 1659 691 videntur,
1699 620 1902 689 ultimae
1931 636 2101 678 antem

236 720 462 785 proximo
504 725 620 767 ante
661 723 870 766 mortem
911 723 1167 779 tempore,
1204 731 1267 762 m.
1300 713 1569 762 Novembri
1612 729 1660 764 a.
1698 713 2100 765 MDCCCXVII.

236 805 448 870 Species
508 804 823 867 plantarum,
885 817 1010 865 qnae
1063 799 1281 849 citantur
1333 815 1532 863 semper
1584 806 1696 848 sunt
1749 798 1866 848 illae
1917 815 1947 848 a
2007 797 2102 848 cel‘.

236 889 568 941 Willdenovio
610 888 790 937 editae.
864 885 1093 936 Botanici
1131 902 1251 934 vero
1294 884 1647 934 Berolinenses
1699 885 1757 932 de
1796 883 1924 934 flora
1963 883 2106 933 Hun-

242 977 419 1044 garica
458 975 803 1039 componenda
847 974 1016 1022 eodem
1069 975 1213 1021 modo
1264 987 1324 1020 ac
1377 970 1474 1035 ipsi
1515 969 1795 1035 Hungarici
1838 976 2107 1031 merentur,

245 1065 284 1114 si
324 1062 463 1112 hisce
505 1077 614 1109 cum
656 1059 788 1108 notis
829 1057 1085 1106 derelictis
1139 1073 1228 1119 ea,
1286 1072 1411 1118 quae
1461 1056 1514 1105 in
1549 1056 1785 1105 herbario
1824 1054 2108 1104 Willdeno-

241 1150 387 1195 viano
430 1152 658 1210 prostant
698 1142 973 1208 specimina
1013 1159 1043 1191 a
1071 1140 1346 1190 Kitaibelio
1389 1140 1506 1189 olim
1546 1140 1702 1189 missa
1742 1139 2108 1201 comparabunt

244 1241 290 1280 et
329 1229 624 1295 Hungariae
665 1226 916 1291 botanici‚
958 1226 1038 1291 qui
1066 1225 1328 1276 Kitaibelii
1370 1226 1568 1274 hortum
1609 1225 1798 1274 siccum
1838 1225 1900 1272 ab
1939 1222 2110 1272 archi-

249 1321 372 1366 duce
414 1315 665 1378 JosrphO,
706 1313 880 1378 palatii
921 1312 1128 1374 comite,
1188 1320 1379 1375 septem
1418 1310 1626 1360 millium
1667 1309 1956 1359 florinorum
1997 1325 2114 1374 pre-

247 1405 312 1452 tio
356 1421 443 1467 pro
485 1402 667 1451 Museo
710 1400 905 1465 publico
946 1398 1241 1463 Hungarico
1294 1405 1473 1446 emtum
1526 1397 1706 1446 studiis
1765 1398 1871 1446 suis
1921 1395 2114 1459 ample-

246 1498 469 1550 ctentur,
510 1489 569 1535 ad
616 1488 860 1536 edendam
899 1486 1071 1535 floram
1098 1483 1469 1550 Hungarieam‚
1506 1484 1613 1549 jam
1653 1483 1853 1549 longius
1893 1499 2114 1534 summo-

252 1591 367 1639 pere
408 1573 774 1634 desideratam,
827 1572 873 1622 vi
916 1572 1054 1621 unita
1096 1588 1209 1621 sese
1252 1571 1534 1635 accingent.

388 1658 652 1723 Reliquias
690 1659 846 1707 hasce
887 1656 1294 1717 Kitaibelianas,
1359 1655 1474 1704 hinc
1528 1654 1639 1704 inde
1693 1654 1909 1719 fugitiva
1965 1670 2116 1719 man-u

248 1745 492 1809 scriptas,
558 1760 650 1792 nec
707 1743 904 1792 omnino
960 1758 1143 1807 puras,
1210 1739 1634 1790 commentariolis
1692 1739 1883 1804 aliquot
1921 1754 2112 1803 augere

249 1826 567 1888 maluissem,
626 1827 710 1874 sed
754 1840 813 1874 ne
855 1840 937 1873 res
978 1823 1026 1872 in
1063 1822 1314 1888 posterius
1356 1821 1607 1870 referatur
1647 1830 1873 1886 tempus,
1931 1820 2111 1870 melius

250 1911 398 1973 duxi,
442 1911 605 1960 omnia
636 1926 725 1972 ea,
779 1925 905 1974 quae
946 1910 1174 1958 addenda
1212 1907 1290 1957 vel
1333 1906 1635 1970 explicanda
1673 1906 2000 1968 videbantur,
2049 1905 2112 1954 iis

248 1997 556 2061 relinquere,
621 1993 699 2059 qui
738 1993 924 2042 Florae
975 2002 1181 2042 nostrae
1234 1991 1513 2040 ditissimae
1572 1993 1946 2056 componendae
1989 2005 2110 2055 ope—

249 2096 353 2129 ram
396 2080 666 2128 navabunt.

388 2166 516 2215 Ante
551 2181 697 2230 quam
738 2181 855 2213 vero
896 2162 1047 2213 finem
1096 2163 1379 2228 imponam,
1428 2179 1640 2212 necesse
1693 2170 1743 2210 ut
1792 2158 2109 2226 praeceptori

252 2267 392 2311 meo,
454 2249 560 2298 viro
611 2263 926 2312 summopere
980 2248 1219 2311 colendo,
1297 2248 1532 2296 directori
1587 2257 1633 2295 et
1689 2245 1968 2312 professori
2019 2243 2115 2294 Dri

250 2335 486 2384 Eduardo
528 2333 686 2382 Fenzl
725 2349 946 2382 summas
988 2349 1140 2398 agam
1179 2331 1372 2398 gratias
1433 2350 1520 2397 pro
1574 2331 1759 2381 eximia
1811 2330 2117 2381 benevolen-

257 2421 356 2483 tia,
410 2438 505 2485 qua
546 2419 771 2469 Pesthini
813 2427 1016 2468 servata
1056 2419 1399 2481 manuscripta
1440 2418 1561 2467 mihi
1603 2417 1831 2483 paravit,
1883 2416 1994 2466 dein
2035 2419 2125 2467 bo-

254 2506 445 2556 tanices
489 2504 765 2569 professori
797 2502 1010 2553 Halensi
1035 2502 1142 2552 Dri.
1171 2505 1229 2552 de
1254 2502 1648 2552 Schlechtendal
1683 2502 1825 2566 cujus
1851 2518 2001 2551 curae
2028 2519 2126 2551 non

255 2594 415 2642 solnm
459 2590 724 2639 editionem
776 2589 911 2639 illico
965 2589 1099 2655 typis
1148 2589 1504 2639 instituendam
1557 2590 1644 2638 sed
1698 2588 1848 2638 etiam
1889 2590 2126 2637 emenda-

253 2679 415 2728 tiones
455 2676 853 2743 typographicas
893 2676 1068 2725 debeo.
1154 2675 1413 2740 Ingratum
1472 2691 1592 2724 vero
1631 2691 1709 2724 me
1749 2675 1990 2724 haberem
2028 2673 2124 2724 nisi

200 2774 204 2778 ’
256 2780 378 2827 erga
417 2764 552 2813 viros
592 2760 994 2822 illustrissimos,
1052 2760 1395 2810 consiliarium
1436 2759 1657 2809 aulicum
1707 2768 1755 2808 et
1795 2758 2124 2808 camerarium

257 2869 299 2902 c.
342 2869 379 2901 r.
423 2852 480 2898 de
531 2847 781 2914 Kubinyi,
834 2845 1266 2896 bibliothecarium
1319 2848 1378 2894 de
1430 2844 1637 2912 Matray
1689 2853 1736 2894 et
1787 2845 2123 2903 archivarium

257 2940 315 2985 de
367 2935 672 3001 Czanyuga,
736 2933 815 2999 qui
877 2931 1206 2981 libentissime
1267 2931 1614 2996 manuscripta
1665 2931 2009 2981 Vindobonam
2059 2931 2123 2981 ad

256 3041 332 3072 me
374 3023 643 3084 miserunt,
685 3019 1028 3086 gratissimum
1073 3020 1290 3070 animum
1331 3036 1531 3084 semper
1571 3035 1847 3069 servarem.
1946 3016 2122 3066 Valete

259 3118 306 3156 et
347 3107 529 3156 favete.

347 3207 540 3255 Dabam
585 3204 934 3265 Vindobonae,
976 3204 1042 3251 ld.
1085 3204 1214 3253 ,lunii
1261 3205 1415 3256 1863.

1325 3341 1694 3408 Augustus
1743 3340 2027 3392 Kanz‘tz.
