2195 3657
1838 159 1967 218 239

136 314 183 353 et
233 309 293 356 ad
336 306 422 355 Sio
461 307 573 357 Fok
625 314 771 372 atque
822 307 874 356 in
913 307 1057 357 Cottu
1101 308 1334 368 Albensi,
1382 307 1429 361 iu
1482 308 1792 371 rupestrihus
1832 326 1969 358 mon—

136 404 253 452 tium
291 404 678 454 Me'nesiensium
721 414 767 453 et
826 406 1165 455 banaticornni
1219 415 1308 454 etc.
1420 407 1493 454 Ad
1535 406 1760 455 balneum
1802 407 1972 456 Gano-

135 518 282 552 cense
307 503 431 552 locis
473 503 717 552 calcareis
737 503 1019 566 Maukseh‚
1061 497 1142 569 qni
1185 505 1411 568 scripsit:
1452 505 1528 566 „si
1567 522 1662 554 non
1705 514 1778 553 est
1807 506 1970 555 visco-

134 618 219 650 sus
259 600 425 650 nescio
466 601 577 666 quid
619 601 735 652 sit.“

224 699 374 752 1033.
427 698 493 749 (3ss
521 702 923 758 pal-villanus.

272 799 379 863 Ego
421 816 518 849 non
556 800 752 863 reperio
793 799 1056 848 discrimen
1099 800 1396 849 essentiale:
1450 801 1722 864 specimina
1771 801 1818 850 in
1857 818 1971 852 are-

131 898 268 947 nosis
308 897 687 948 Pesthiensibus
728 913 879 962 saepe
922 898 1209 948 examinata
1247 900 1316 947 ita
1357 900 1577 961 variant,
1620 910 1668 949 nt
1708 902 1971 951 discrimen

129 996 317 1046 nullum
359 998 643 1047 observem:
684 1006 768 1047 aut
809 998 965 1062 igitur
1003 1007 1148 1047 notae
1191 997 1545 1047 differentiales
1589 1003 1796 1049 nonduin
1840 1010 1970 1050 certe

130 1103 244 1146 sunt
282 1096 554 1158 indicatae,
595 1107 680 1146 aut
720 1114 813 1161 ego
851 1097 1141 1146 alterutrum
1186 1115 1279 1146 non
1320 1113 1502 1164 nosc03
1541 1098 1582 1146 is
1625 1108 1791 1161 certe,
1831 1117 1971 1165 quem

133 1195 344 1244 Winterl
386 1213 448 1243 ex
488 1196 714 1246 arenosis
753 1196 1128 1246 Pesthiensibus
1170 1196 1418 1246 Elii-harto
1477 1198 1637 1259 misit,
1690 1215 1843 1264 saepe
1885 1219 1972 1249 no-

134 1302 210 1343 tas
253 1293 308 1346 G.
348 1295 513 1344 Otz'tis
553 1296 715 1345 habet.

754 1435 1356 1504 Phytolacceae.

207 1533 356 1584 1031.
412 1540 792 1594 Phytolaeca
831 1540 1164 1585 decandra.

276 1633 325 1681 ln
361 1633 577 1682 versuris
618 1642 665 1681 ct
706 1633 1013 1697 marginibus
1054 1650 1290 1698 agrorum
1332 1634 1514 1698 Syn-mii
1556 1647 1848 1699 spontanea.

807 1788 1289 1845 Nlalvaceae.
1311 1818 1316 1822 ·

210 1883 358 1934 1035.
398 1885 761 1931 Kitaibelia-
788 1882 845 1947 ²³¹²)
883 1885 1168 1932 vitifolia
1205 1883 1370 1934 Willd.
1421 1884 1652 1947 Boin-ago
1696 1904 1781 1934 zur
1820 1889 1974 1936 nahe-

134 1999 222 2032 ren
260 1983 535 2032 Kenntniss
572 2001 617 2032 ιι.
646 2002 684 2033 s,
718 2001 773 2033 w.
817 1985 864 2032 in
904 1985 995 2032 den
1036 2000 1196 2033 neuen
1225 1983 1477 2033 Schriften
1518 1988 1603 2033 der
1641 1985 1972 2036 naturforsch.

135 2082 362 2131 Freunde
404 2102 459 2131 zu
506 2084 634 2132 Berl.
681 2085 831 2136 1799.
872 2083 931 2132 ΙΙ.
977 2085 1075 2135 107
1102 2084 1151 2135 ff.
1201 2094 1246 2132 ct
1286 2083 1357 2132 ΡΙ.
1400 2100 1497 2135 rar.
1541 2084 1703 2150 Hung.
1745 2085 1780 2136 Ι.
1823 2094 1852 2135 t.
1887 2086 1970 2136 31.

133 2180 389 2231 Hibis-cus
427 2185 739 2248 syo-tm'ensis
781 2193 825 2230 et
883 2180 1108 2249 'Volotya
1152 2200 1195 2231 n.
1239 2200 1288 2247 g.
1330 2183 1437 2236 Kit.
1481 2201 1542 2234 m.
1585 2202 1624 2234 s·

192 2375 245 2428 ’ἢ
280 2378 445 2416 Damus
476 2378 784 2416 characterem
818 2378 1116 2427 generissec.
1139 2378 1424 2418 VVilldenow
1457 2381 1502 2417 et
1535 2388 1645 2428 opus
1677 2378 1973 2418 novissimum

251 2464 301 2501 H.
339 2463 549 2501 Bentham
583 2465 627 2501 et
661 2462 889 2503 Hookeri:

330 2544 492 2594 Calyx.
542 2543 849 2583 Perianthium
876 2545 1050 2594 duplex.
1095 2546 1305 2584 Exterius
1326 2547 1666 2596 monophyllum
1688 2548 1974 2597 septempar-

249 2629 379 2668 titum
408 2629 625 2669 interiore
658 2630 856 2682 longius,
890 2629 1068 2669 laciniis
1100 2630 1537 2670 ovato-lanceolatis
1569 2630 1734 2671 acutis.
1783 2631 1976 2670 Interius

249 2716 587 2765 monophyllum
620 2710 1012 2766 quinquangulare
1044 2716 1500 2765 quinquedentatum3
1557 2716 1762 2756 dentibus
1804 2717 1975 2756 acumi-

251 2801 385 2840 natis.
449 2801 646 2841 Corolla,
711 2801 872 2840 Petala
901 2801 930 2839 5
961 2803 1156 2841 obovata
1202 2812 1466 2852 praemorsa
1499 2802 1697 2852 patentia
1743 2803 1846 2842 tubo
1878 2804 1974 2841 sta-

250 2886 414 2926 minum
449 2887 544 2925 basi
577 2885 726 2926 affixa.
793 2888 1009 2927 stamina.
1059 2888 1312 2928 Filamenta
1344 2898 1588 2928 numerosa
1618 2889 1664 2928 in
1695 2891 1846 2929 tubum
1868 2898 1975 2928 coa-

251 2972 366 3024 lita,
400 2958 598 3022 superne
631 2973 786 3014 libera.
849 2975 1077 3013 Autherae
1123 2974 1746 3014 suin-otundo-reniformes.
1821 2975 1976 3014 Pistil-

251 3058 355 3099 lum.
449 3059 646 3099 Gen-men
702 3059 971 3108 depressum
1032 3060 1060 3098 5
1111 3060 1250 3098 sulcis
1311 3061 1539 3111 notatum,
1602 3063 1647 3099 ct
1707 3060 1804 3100 basi
1855 3060 1900 3099 in
1951 3061 1978 3099 5

249 3144 379 3183 lobos
433 3143 640 3184 divisum.
732 3145 854 3194 Styli
912 3144 1088 3194 plurimi
1142 3146 1378 3184 filiformes
1438 3145 1534 3185 basi
1590 3146 1766 3185 hirsuti.
1853 3145 1974 3193 Stig-

254 3233 374 3269 mata
415 3234 592 3270 obtusa.
669 3231 994 3280 Pei-icarpium.
1078 3232 1305 3280 capsulae
1373 3231 1648 3271 reniformes
1704 3240 1971 3271 numerosae

253 3324 599 3364 monospermae
629 3314 672 3355 in
715 3315 957 3365 capitulum
999 3315 1402 3365 hemisphaeriorum
1433 3316 1802 3367 quinquelobum‚
1858 3314 1973 3354 lobis

253 3400 569 3453 biserialihus3
618 3402 917 3452 glomeratae.
994 3404 1152 3441 semen
1201 3401 1446 3442 rcniforme
1493 3409 1826 3451 compressum:
1875 3398 1974 3437 Bei-
