2195 3657
1891 50 1963 106 71

193 204 315 251 ‘2322-
354 207 426 250 E.
467 203 814 248 anitiorum.
1265 268 1268 270 Ι

263 299 429 348 Radix
473 296 732 360 perennis,
776 297 1003 360 obliqua,
1044 315 1272 358 ramosa,
1314 299 1668 361 nigro-fusca.
1782 298 1964 347 Gaulos

119 394 361 450 solitarii,
417 410 762 456 nonnumquam
808 393 973 455 plures
1013 411 1076 442 ex
1116 397 1284 442 eadem
1328 397 1520 455 radice,
1583 394 1831 458 palmares
1880 405 1964 443 aut

115 491 430 555 spithamaei,
472 489 621 538 erecti
664 500 747 539 aut
787 493 1166 552 adscendentes,
1205 492 1544 555 suliangulati‚
1584 492 1961 556 simplicissimi,

114 590 226 653 pilis
269 589 395 643 albis
435 590 563 638 raris
601 589 957 653 longiusculis,
1018 607 1368 655 nonnunquam
1410 591 1541 647 basi,
1605 591 1734 640 alias
1775 609 1948 640 versus

112 688 257 736 flores
297 686 609 735 densioribus
650 688 894 749 adspersi.
960 688 1105 735 Folia
1146 688 1454 748 lanceolata,
1494 699 1577 736 aut
1619 689 1957 738 lineari-lan-

108 785 330 845 ceolata,
371 794 546 845 acuta,
588 785 936 847 integerrima,
977 785 1198 834 obsoleto
1241 803 1484 848 nervosa,
1521 787 1718 843 ciliata,
1780 797 1947 836 cacte-

106 900 210 931 rum
251 884 457 946 glabra,
519 893 603 932 aut
645 883 759 946 pilis
799 885 1071 945 adspersa,
1122 883 1362 932 radicalia
1403 885 1687 948 plerumlqtic
1741 887 1947 948 spathun-

103 981 565 1041 lato-lanceolata,
619 980 665 1028 in
721 972 955 1044 petiolum
999 980 1217 1029 eiliatum
1272 990 1554 1040 attenuata,
1611 984 1951 1032 obtusiusi·ula

102 1096 208 1126 cum
264 1079 398 1126 brevi
458 1096 721 1137 mucronc,
783 1079 979 1127 canlina
1039 1078 1267 1139 sessilia‚
1344 1079 1606 1141 superiora
1664 1080 1948 1128 successive

100 1176 305 1225 minora.
384 1177 501 1225 Flos
544 1177 843 1237 terminalis,
894 1178 1098 1238 unicus,
1153 1178 1410 1226 rarissime
1454 1177 1570 1227 bini.
1654 1178 1814 1244 Calyx
1855 1179 1946 1226 vil-

92 1257 263 1336 losus,
312 1291 611 1334 canescens3
664 1275 849 1323 foliolis
891 1275 1386 1326 lineari-sulmlatis.
1501 1276 1733 1325 Corollac
1775 1278 1943 1326 radius

94 1373 666 1436 purpureo-violaceus.
758 1374 963 1423 Habitat
1014 1377 1058 1423 in
1112 1375 1308 1438 alpibus
1363 1383 1410 1424 et
1463 1376 1738 1439 subalpinis
1779 1376 1937 1426 Croa-

93 1473 220 1533 tiae,
260 1471 493 1520 Velcbich
535 1472 695 1520 dictis.
749 1472 910 1520 Etiam
954 1472 1198 1536 Scepnsio
1239 1474 1371 1524 misit
1410 1475 1682 1524 Maukscb.
1747 1476 1938 1524 Gener-

90 1570 196 1617 sich
247 1578 413 1618 autem
465 1569 747 1618 distinctam
799 1570 1071 1634 plantulam
1129 1572 1269 1620 caule
1330 1573 1650 1636 tripollicari,
1713 1574 1934 1633 l-ssoro,

91 1668 221 1717 foliis
254 1677 410 1718 tecto:
452 1659 584 1718 soliis
620 1670 1135 1733 ovato-lanceolatis,
1175 1671 1366 1732 acutis,
1404 1671 1576 1735 firmis,
1618 1674 1935 1722 scabrinsru-

83 1765 144 1814 lis
193 1783 223 1815 a
275 1765 389 1829 pilis
429 1766 737 1816 brevissimis
780 1767 999 1832 calycem
1055 1769 1273 1829 squamis
1313 1771 1572 1819 subovatis
1614 1771 1802 1819 obtusis
1844 1790 1930 1834 pro

80 1863 145 1913 E.
185 1868 284 1911 um*
326 1881 416 1912 oro
454 1865 601 1914 misit.
656 1866 905 1914 Mauksch
949 1867 1110 1915 scrius
1149 1867 1198 1916 in
1240 1867 1309 1917 lit.
1347 1867 1927 1932 notavitEamfssorum

82 1970 303 2011 nostrum
344 1979 454 2010 csse
496 1961 557 2011 Ε.
600 1963 845 2028 alpinum
884 1963 1244 2023 Helvetorum,
1319 1966 1399 2012 vix
1439 1983 1468 2014 a
1509 1966 1642 2030 lapp.
1683 1969 1928 2016 diversum

78 2060 411 2128 (probabilius
453 2077 514 2109 ex
553 2070 714 2108 mente
756 2062 1142 2130 lVahlenberg).

147 2160 269 2210 293.
310 2163 509 2208 Bellis
547 2163 865 2218 perennis.

218 2256 272 2304 In
313 2256 636 2319 caespitosis‚
676 2256 897 2319 pascuis.
972 2256 1145 2305 Floret
1190 2274 1344 2320 prope
1386 2265 1485 2308 toto
1527 2277 1673 2310 anno.

145 2356 266 2406 294.
305 2359 598 2414 Solidago
637 2358 908 2410 minuta,
951 2360 1008 2404 S.
1049 2361 1471 2415 scepusiensis
1512 2360 1644 2407 mihi.

216 2453 422 2502 Habitat
473 2453 522 2500 in
576 2452 772 2515 alpibus
814 2452 1263 2516 Secpusiclisibns,
1328 2455 1763 2519 Liptoviensibus,
1824 2461 1918 2508 Be-

74 2551 452 2615 reghicnsilms.,
491 2551 1018 2603 Marmarosiensibus.

142 2652 262 2702 235.
301 2655 360 2700 S.
398 2653 593 2710 Virga
630 2666 846 2699 aurea.

214 2749 380 2812 Supra
432 2748 789 2810 scaturiginem
840 2731 899 2795 ad
952 2749 1200 2799 officinam
1250 2751 1504 2801 vitrariam
1557 2754 1814 2804 Jankovzic
1866 2757 1910 2804 iu

73 2846 314 2895 Slavonia
355 2845 451 2910 legi
493 2847 767 2908 specimina
806 2846 939 2895 foliis
969 2849 1128 2897 ovatis
1168 2850 1214 2897 in
1257 2851 1490 2913 petiolum
1518 2853 1910 2916 decurrentibus,

72 2953 256 2993 tantum
299 2943 639 3008 superioribus
654 2959 656 2961 ’
675 2945 968 2994 lanceolatis
985 2984 996 3006 ,
1038 2947 1318 2997 sessilibus.

138 3059 259 3106 296.
300 3061 358 3106 S.
398 3060 703 3106 arenaria
741 3059 819 3107 vel
860 3062 1086 3109 stricta
1124 3060 1261 3109 mihi.

182 3154 348 3203 'Haec
386 3155 509 3204 locis
550 3158 777 3206 arenosis
819 3158 966 3207 siccis
993 3176 1229 3209 crescens
1269 3159 1416 3208 simili
1460 3161 1505 3208 in
1546 3162 1651 3209 solo
1694 3162 1906 3209 occurrit

71 3255 116 3302 in
162 3254 405 3304 Borussia
444 3256 524 3303 ubi
568 3274 654 3321 pro
708 3254 879 3321 Virga
920 3275 1091 3306 aurea
1132 3260 1363 3320 sumitur,
1406 3268 1454 3307 ut
1481 3260 1711 3323 alpestris
1739 3269 1908 3308 nostra
