2195 3657
220 113 353 180 286

222 266 368 316 simul
408 266 641 330 inspersi.
717 265 947 328 Stipulae
988 273 1196 328 acutae,
1247 266 1822 331 glanduloso-ciliatae.
1895 267 2075 330 Floras

220 382 469 415 ramorum
512 364 800 413 terminales
839 363 1089 415 solitarii..
1156 367 1436 416 Peduneuli
1480 366 1950 432 sesquipollieares,
1997 368 2077 417 hi-

220 464 376 528 spidi,
415 463 537 512 setis
577 462 950 526 glanduliferis,
988 463 1354 528 bingium-ulis,
1397 465 1771 529 patentissimis.
1840 466 2077 522 Germiua

219 564 555 625 subrotuuda‚
595 563 718 612 setis
757 562 926 627 longis
965 563 1241 614 rarioribus
1282 567 1543 630 adspersa.
1625 565 1828 631 Calyois
1861 565 2079 616 laciniae

218 663 562 727 lanceolatae,
600 663 943 727 acuminatae,
989 665 1267 728 indivisae,
1319 673 1467 715 extus
1509 668 1872 731 pubescentes,
1924 667 2076 716 setis-

219 781 311 829 que
369 764 719 829 glanduliferis
779 764 1012 815 brevibus
1075 768 1378 830 adspersae,
1445 765 1579 816 intus
1634 767 1860 833 margine
1922 769 2091 826 albo»,

216 864 436 915 lanatae.
515 864 587 914 Ad
631 865 761 914 viam
803 864 1093 917 Carolinam
1132 866 1181 917 in
1221 865 1427 919 Oroatia
1471 884 1647 918 versus
1685 868 1914 922 Flumen.

309 961 463 1014 1201.
509 968 586 1011 Rs.
628 965 1018 1024 rubiginosa.

357 1061 433 1111 Ad
479 1062 601 1124 Bab,
640 1062 691 1112 in
730 1064 905 1113 itinere
947 1064 1206 1115 slavonico
1249 1065 1315 1129 (ni
1358 1065 1510 1117 fallor
1543 1066 1592 1116 in
1633 1067 1849 1117 transitu
1888 1066 2078 1131 et'I'olf

218 1161 359 1211 nensi
398 1161 445 1211 in
487 1161 864 1228 Baranyeusem
905 1162 1249 1226 Comitatum).

309 1261 461 1313 1202.
499 1267 577 1310 R.
618 1277 901 1313 reversa.

359 1360 566 1410 Habitat
590 1360 654 1434 vin
693 1361 879 1413 Matra.
957 1364 1151 1414 Desunt
1191 1363 1484 1429 specimina.

307 1459 459 1512 1203.
499 1467 576 1510 R.
618 1464 979 1521 pyrenaica.

355 1563 406 1611 ln
442 1563 637 1623 Matra3
679 1563 979 1613 Willdenow
1019 1563 1189 1614 missa.

307 1662 464 1714 1204.
504 1668 580 1711 R.
621 1668 949 1713 balsamea
987 1663 1124 1713 mihi.

354 1761 533 1810 Differt
586 1779 616 1812 a
667 1762 818 1826 priori
870 1763 1179 1827 germinibus
1239 1763 1454 1828 hispidis
1519 1763 1642 1813 setis
1706 1763 2076 1828 glanduliferis,

215 1860 440 1926 calycum
466 1860 662 1911 laciniis
687 1862 940 1927 glandulis
968 1863 1256 1927 adspersis,
1301 1862 1489 1913 foliolis
1521 1879 1675 1927 supra
1703 1864 2078 1927 subpubescen-

214 1962 372 2021 tibus,
443 1964 619 2012 subtus
678 1962 899 2026 villosis,
958 1964 1211 2029 glandulis
1269 1964 1461 2014 fruetus
1523 1963 2076 2015 balsamico-viscidis.

211 2060 419 2112 Habitat
460 2065 520 2113 ad
563 2061 787 2114 Hradek.
862 2064 969 2113 Nec
1007 2065 1206 2115 diversa
1258 2064 1481 2127 videtur,
1531 2071 1676 2130 quam
1727 2067 1788 2116 ad
1827 2063 2079 2131 Diosgydr

214 2170 260 2211 et
300 2163 347 2212 in
387 2163 556 2213 Matra
597 2164 853 2229 legeram,
905 2165 1020 2214 olim
1061 2162 1139 2219 R.
1177 2182 1413 2216 recurva
1455 2165 1613 2228 dieta,
1665 2168 1725 2215 ob
1766 2165 1958 2216 fructus
1997 2183 2077 2214 re-

211 2281 419 2325 curvos,
479 2264 741 2329 oblongos.
850 2266 889 2314 A
941 2262 1014 2314 R.
1069 2265 1376 2332 pendulina
1432 2266 1640 2330 insuper
1691 2265 1883 2329 differt,
1949 2268 2076 2332 quod

212 2371 414 2414 nostrae
456 2365 684 2428 germina
725 2365 822 2414 sint
862 2365 1088 2433 hispida3
1131 2365 1200 2414 illi
1255 2366 1434 2416 saltem
1488 2368 1760 2416 secundum
1803 2366 1924 2432 Syn.
1965 2366 2077 2431 gla-

214 2465 335 2526 bra,
375 2472 422 2512 et
460 2460 531 2510 R.
567 2463 875 2530 pendule'na
914 2464 961 2513 in
1003 2463 1237 2514 America
1277 2464 1501 2527 habitat,
1557 2464 1780 2514 Persoon
1824 2472 1988 2515 tamen
2028 2465 2075 2514 in

210 2563 417 2628 Europa
456 2563 684 2615 habitare
725 2563 859 2613 dicit.
936 2568 986 2628 β.
1027 2565 1239 2614 Foliolis
1282 2565 1799 2629 ovato-lanceolatis‚
1840 2566 1947 2616 basi
1984 2583 2076 2616 an-

213 2664 453 2729 gustatis,
496 2681 650 2728 supra
691 2674 1029 2716 catarractam
1070 2666 1468 2716 Moticskensem
1514 2667 1558 2715 iu
1595 2667 1800 2730 rupibus
1841 2666 2075 2715 occurrit.

211 2765 426 2815 Fructus
477 2766 592 2816 huie
645 2766 714 2815 uti
772 2766 1022 2832 prioribus
1079 2767 1409 2818 varietatibus
1473 2766 1584 2832 plns
1636 2767 1800 2817 minus
1853 2767 2075 2830 oblongi,

210 2883 310 2916 non
348 2883 465 2917 raro
509 2866 663 2917 curvi.
898 2912 900 2914 ,

302 2967 455 3019 1205.
495 2972 573 3017 R.
613 2970 870 3017 humilis
910 2967 1046 3018 mihi.

352 3066 427 3116 An
480 3083 511 3116 a
546 3064 619 3115 R.
661 3068 857 3133 alpina
897 3068 1100 3119 diversa
1152 3068 1247 3132 sit,
1298 3068 1460 3119 adhuc
1511 3068 1701 3121 dubito.
1816 3067 1867 3117 ln
1908 3074 2072 3117 monte

212 3166 436 3218 Merszin
475 3169 537 3217 ad
578 3167 903 3218 Korenicam.

281 3268 459 3325 1206.
509 3273 587 3318 R.
627 3271 873 3324 villosa.
2059 3325 2062 3328 ⁴

350 3369 403 3429 β.
445 3365 764 3417 Germinibus
799 3364 979 3428 ovatis,
1019 3364 1233 3430 glabriS,
1275 3363 1383 3414 basi
1424 3371 1613 3415 tantum
1653 3364 1776 3416 setis
1818 3364 2071 3430 glanduli-
