2195 3657
1796 130 1917 190 157

152 271 272 323 741.
318 277 388 322 A.
427 278 649 324 Meum.

222 372 276 420 ln
314 371 528 436 alpibus-

148 470 269 521 742.
309 473 513 521 seseli
550 475 850 530 glaucum.

221 568 273 618 ln
314 568 526 618 collibus
568 578 615 617 et
655 572 899 618 montibus
938 571 1124 634 apricis
1166 571 1332 621 Budae
1357 609 1370 633 ,
1409 571 1660 635 Pesthini,
1703 575 1920 637 Posonii,

79 670 139 716 ad
193 677 502 719 catarractas
553 669 929 718 Moticskenses
983 670 1026 717 in
1080 671 1284 734 rupibus
1344 673 1613 740 calcareis,
1681 674 1726 723 in
1779 677 1919 726 silvis

76 763 325 828 montanis
366 763 626 827 Scepusii,
677 763 726 812 in
766 764 913 813 Cottu
957 763 1293 816 Castriferrei.
1409 768 1684 819 Gener-sich
1727 771 1849 820 idem
1893 790 1918 820 e

78 862 322 928 Scepusio
363 865 524 924 misit,
564 881 592 912 a
631 863 689 914 S.
729 865 928 928 glauco
968 866 1216 915 diversum
1260 875 1470 931 putans,
1524 879 1569 917 et
1611 888 1695 934 pro
1739 871 1919 922 Selino

76 960 354 1012 Chabraei
375 963 436 1029 (2)
473 964 678 1013 habens.
933 1027 935 1029 v

145 1061 267 1113 743.
306 1066 364 1111 S.
404 1056 754 1111 carinatum
795 1062 870 1110 vel
911 1065 1403 1113 scabriusculum
1445 1066 1577 1116 mihi.

214 1156 377 1207 Affine
417 1157 470 1207 S.
511 1160 741 1223 glauco,
783 1159 869 1207 sed
909 1159 1172 1220 humilius,
1215 1161 1295 1209 vix
1337 1163 1701 1227 sesquipedale.
1758 1166 1920 1215 Radix

78 1260 326 1320 perennis,
369 1275 582 1323 superne
605 1259 708 1307 sere
731 1258 936 1323 digitum
965 1249 1295 1310 auricularem
1320 1264 1546 1312 crassitie
1574 1280 1810 1329 aequans,
1847 1267 1919 1315 in-

75 1357 213 1406 ferne
236 1374 455 1421 ramosa,
491 1340 648 1420 fusca,
675 1358 818 1422 apice
841 1357 978 1408 fibris
1010 1369 1353 1422 corruptorum
1378 1363 1672 1426 petiolornm
1697 1367 1922 1416 barbata.

76 1456 248 1507 Caulis
288 1468 514 1519 erectus,
556 1467 717 1519 teres,
759 1460 996 1520 striatas,
1050 1460 1254 1523 glaber,
1294 1463 1532 1525 glaucus,
1574 1463 1762 1513 inferne
1806 1483 1921 1528 pur-

77 1573 383 1620 purascenS,
424 1575 667 1607 ramosus.
762 1558 910 1608 Folia
950 1558 1490 1624 triplicato-pinnata:
1544 1563 1727 1612 foliolis
1771 1565 1921 1614 fasci-

75 1657 282 1720 culatis,
340 1658 683 1719 subincurvis,
741 1657 825 1706 vix
878 1659 1183 1722 semipollice
1236 1643 1574 1726 longioribus,
1635 1664 1925 1725 linearibus,

73 1758 407 1814 mucronatis‚
448 1758 724 1821 carinatis,
764 1758 1071 1822 marginibus
1113 1760 1325 1810 scabris.
1377 1759 1552 1810 Petioli
1596 1763 1774 1824 striati,
1818 1765 1923 1813 lae-

77 1871 189 1915 ves3
229 1855 277 1904 in
321 1856 548 1920 vaginam
592 1856 783 1907 dilatati
826 1858 1071 1908 striatam.
1169 1857 1401 1908 Umbella
1438 1844 1792 1923 multiradiata,
1836 1880 1923 1927 pa-

76 1960 214 2011 tens,
274 1954 530 2004 involucro
591 1955 822 2005 universo
865 1956 1025 2004 n'ullo:
1095 1955 1248 2005 radiis
1289 1955 1659 2021 inaequalibus,
1717 1958 1924 2020 striatis,

77 2055 286 2119 glabris,
365 2054 665 2104 lnvolucella
705 2055 946 2118 linearia,
987 2056 1300 2117 acuminata,
1343 2057 1567 2121 margine
1611 2059 1923 2109 membrana-

78 2170 186 2207 cea.
280 2154 486 2203 Habitat
545 2157 605 2204 ad
660 2155 817 2205 lacum
873 2156 1059 2205 salsum
1117 2157 1161 2203 in
1221 2155 1424 2218 praedio
1465 2156 1544 2208 Sz.
1591 2156 1705 2207 [van
1747 2157 1922 2209 Cottus

75 2252 306 2304 Alliensis
347 2255 455 2303 loco
495 2253 654 2303 arido.
733 2256 805 2303 An
845 2254 898 2305 S.
944 2253 1286 2305 tortuosam?

145 2356 267 2406 744.
308 2359 365 2404 S.
405 2373 692 2404 alannum.

217 2455 271 2504 In
324 2455 533 2504 collibus
585 2463 633 2504 et
674 2456 919 2504 montibus
969 2454 1180 2518 apricis,
1241 2457 1493 2520 pratisque
1546 2457 1694 2506 siccis
1732 2457 1923 2518 Budae,

77 2554 326 2612 Pesthini‚
381 2556 442 2604 ad
480 2570 647 2604 arcem
688 2554 911 2617 Huszth,
950 2554 1000 2603 in
1040 2555 1267 2619 Syrmio,
1324 2556 1596 2620 Scepnsio,
1639 2555 1782 2605 Cottu
1823 2556 1923 2607 Ca-

81 2650 323 2700 striferrei
365 2659 460 2702 etc.
536 2649 770 2700 Corollae
809 2667 905 2699 non
948 2667 1061 2698 raro
1104 2661 1499 2714 purpurascuut,
1539 2653 1683 2716 quale
1724 2669 1748 2701 e
1776 2651 1921 2701 Cotta

78 2750 407 2816 Bereghiensi
446 2752 607 2800 attuli.
688 2750 868 2815 Auguli
915 2749 1163 2800 radiorum
1203 2752 1395 2810 scabri3
1437 2751 1604 2801 caules
1647 2753 1923 2816 pubescen-

80 2859 185 2912 tes,
246 2851 538 2915 quandoque
598 2849 944 2914 glabriusculi.
1054 2850 1314 2914 Palaiai-e,
1375 2851 1801 2914 spithamaeumve
1870 2851 1919 2900 in

80 2948 326 3014 Sccpusio
366 2951 598 2999 occurrit.
677 2950 952 2999 Genersich
996 2949 1127 2998 misit
1167 2948 1458 2999 varietatem
1499 2949 1574 2998 vel
1615 2951 1793 3012 lusum,
1833 2965 1924 3013 pe-

81 3050 307 3099 dunculis
350 3048 670 3099 mnbelliferis
709 3049 756 3098 iu
801 3049 1062 3098 umbellam
1104 3048 1386 3113 dispositis,
1444 3048 1576 3099 foliis
1616 3049 1749 3098 velut
1785 3052 1923 3098 iuvo-

80 3150 217 3198 lucro
255 3149 579 3204 circumdato.

290 3253 340 3312 β.
391 3248 532 3298 caule
574 3247 809 3309 elatiore,
847 3247 1041 3297 nonnisi
1083 3247 1224 3310 apice
1264 3263 1483 3307 ramoso,
1521 3245 1696 3311 glabro
1726 3245 1774 3293 in
1803 3258 1918 3307 pra-

84 3345 146 3395 tis
188 3344 363 3397 Cottus
403 3345 743 3407 Pesthiensis,
782 3343 1140 3395 Csanadiensis
1181 3352 1274 3394 etc.
