2195 3657
1830 102 1913 162 35

81 245 191 295 hiel·
241 247 301 295 ad
342 245 467 294 Divo
508 244 676 293 Szello
727 244 937 306 lec-tum,
988 254 1033 294 et
1087 248 1145 294 ob
1199 264 1415 297 errorem
1468 249 1568 314 typi
1621 250 1671 298 in
1718 250 1804 313 Sp.
1848 252 1911 314 pl.

81 362 168 410 pro
208 342 279 392 A.
319 345 569 393 carinato
602 342 839 394 habitum.
913 344 1102 394 Bulbus
1143 356 1347 408 ovatus,
1411 348 1640 411 simplex.
1719 349 1913 413 scapus

79 443 297 508 pedalis,
333 450 557 504 erectus,
599 451 759 504 teres,
813 443 1045 507 striatas,
1098 445 1301 509 glaber,
1352 446 1523 496 laevis.
1599 447 1744 496 Folia
1796 465 1916 498 cau-

76 542 178 592 lina
233 542 518 606 plerumque
591 541 715 603 tria,
793 541 989 606 vaginis
1060 543 1163 592 suis
1230 544 1568 600 medietatem?
1617 556 1700 595 aut
1761 564 1913 611 prope

79 639 328 705 tegentia,
368 655 649 703 supremum
692 656 843 704 saepe
883 641 1145 691 umbellam
1189 644 1469 704 excedens,
1520 643 1757 706 linearia,
1808 646 1915 709 pla-

76 740 330 805 niusonla,
390 740 614 805 utrinqne
668 739 1280 805 sulnsulcalo-angulata,
1351 744 1574 808 margine
1640 745 1916 796 erenulata.

77 839 301 905 Vaginae
355 847 564 895 teretes,
633 840 1167 904 nervoso—angulatae
1220 842 1499 904 (insieco).
1574 843 1802 895 Umbella
1841 846 1916 894 la-

76 938 316 1001 tiuscula,
357 954 597 988 convexa.
712 938 905 1002 Spatha
947 939 1258 1001 lanceolata,
1315 941 1602 1006 longissime.
1654 945 1913 1006 cuspidata

74 1040 143 1102 (et
184 1039 376 1105 quidem
416 1048 622 1104 utraque
665 1039 915 1105 valvula),
967 1055 1199 1089 nervosa.
1292 1039 1432 1089 Bulbi
1486 1041 1621 1089 multi
1663 1041 1789 1090 inter
1831 1060 1914 1105 pe-

73 1139 331 1189 dunculos.
405 1139 579 1190 Pelala
621 1156 794 1201 rosea,
836 1138 1085 1204 elliptiea,
1127 1141 1324 1190 obtusa.
1401 1140 1628 1190 Stamina
1654 1141 1916 1205 simplicia,

72 1248 303 1302 setaoea,
364 1239 552 1289 corolla
605 1240 707 1288 fere
759 1240 906 1304 duplo
971 1239 1218 1304 longiora.
1313 1239 1484 1305 Stylus
1543 1242 1716 1291 eadem
1766 1244 1912 1306 duplo

73 1337 285 1405 longior.

145 1435 260 1484 144.
300 1437 369 1481 Α.
408 1436 1033 1491 sphaerooephalum.

212 1532 374 1582 Etiam
415 1531 631 1581 definitio
670 1531 743 1582 Α.
774 1532 1143 1580 descendentis
1168 1532 1423 1592 convenit,
1467 1551 1591 1597 quae
1632 1535 1783 1600 igitur
1811 1554 1914 1585 mu-

73 1634 240 1683 tanda.
357 1632 404 1681 ln
459 1632 598 1681 clivis
652 1631 879 1681 arenosis
921 1623 1184 1694 ¹Pesthiui,
1250 1633 1294 1681 in
1350 1632 1560 1683 collibus
1600 1634 1798 1697 Eudae,
1855 1638 1913 1686 ad

71 1732 363 1794 Keszthely.

145 1831 263 1882 145.
302 1835 371 1880 A.
411 1834 655 1879 flavum.

214 1936 262 1981 ln
306 1931 554 1981 montibus
593 1930 924 1990 Budensibus,
965 1932 1022 1978 ad
1065 1929 1324 1992 Csakvar,
1364 1930 1412 1980 in
1452 1931 1637 1993 Matra,
1680 1933 1725 1981 in
1751 1944 1912 1983 monte

46 2103 49 2105 -
79 2032 258 2082 Cobor.

151 2133 266 2183 146.
306 2137 375 2180 Α.
415 2136 676 2191 pallens.

214 2229 336 2279 Cum
376 2239 521 2291 nota,
560 2229 608 2278 in
650 2236 810 2278 monte
854 2227 1048 2276 vitifero
1092 2228 1276 2277 Mokra
1316 2229 1375 2277 ad
1416 2229 1573 2277 Boros
1613 2226 1746 2278 send.
1816 2229 1914 2278 Co-

75 2329 202 2380 rolla
241 2338 432 2391 tamen,
485 2338 718 2395 quantum
761 2328 953 2377 memini
996 2345 1089 2377 non
1140 2328 1287 2387 alba,
1338 2344 1536 2390 verum,
1591 2337 1640 2377 ut
1682 2330 1825 2378 eliam
1868 2330 1912 2378 in

76 2430 209 2480 sicco
249 2430 470 2492 videtur,
524 2408 789 2494 purpurea.
865 2430 937 2477 Ab
980 2429 1074 2477 hoc
1114 2446 1212 2477 non
1250 2427 1439 2488 differt,
1481 2431 1606 2494 quod
1660 2429 1705 2477 iu
1746 2430 1913 2479 Matra

74 2533 165 2582 sub
223 2532 418 2582 nomine
467 2528 539 2579 A.
593 2530 907 2596 panio-zelati
954 2528 1081 2592 legi3
1146 2529 1274 2578 idem
1326 2529 1470 2579 etiam
1530 2531 1590 2578 ad
1648 2529 1912 2579 Oravieam

72 2633 280 2696 lectum,
319 2640 466 2697 atque
503 2633 567 2680 ad
608 2629 780 2679 vineas
818 2628 1190 2678 Pesthineuses.
1270 2628 1309 2676 E
1352 2627 1595 2692 Seepusio
1643 2628 1862 2678 missum.

149 2735 264 2786 147.
305 2739 374 2783 A.
412 2734 786 2792 uliginosum
836 2727 969 2778 mihi.

212 2830 377 2881 Radix
419 2828 657 2895 primaria
696 2837 1014 2887 transversa,
1056 2827 1276 2887 nodosa,
1328 2825 1651 2891 sublignosa,
1703 2840 1912 2888 pennam

75 2930 234 2996 Cygni
274 2928 502 2980 crassitie
543 2944 792 2993 aequans,
834 2925 1089 2990 superiore
1132 2934 1270 2988 parte
1300 2924 1501 2987 bulbos,
1541 2926 1630 2974 sub
1656 2923 1734 2973 his
1758 2924 1912 2974 fasci-

75 3028 234 3080 culam
276 3028 606 3079 radicularum
647 3025 949 3074 filiformium
989 3024 1213 3073 albarum
1256 3025 1422 3072 edens.
1483 3021 1677 3086 Scapus
1706 3039 1729 3070 e
1766 3021 1910 3070 bulbo

75 3128 319 3193 oblongo;
377 3144 529 3192 supra
566 3126 697 3175 huuc
749 3131 984 3173 curvatus
1024 3125 1084 3171 ad
1126 3124 1296 3186 pedem
1343 3139 1495 3187 prope
1534 3123 1912 3180 adscendentes,

74 3224 207 3285 nudi,
246 3222 433 3288 glabri,
477 3223 665 3286 laeveS,
703 3220 895 3270 inferne
936 3218 1200 3282 ancipiteS,
1239 3217 1440 3282 angulis
1483 3217 1609 3267 binis
1651 3213 1910 3280 oppositis,

74 3321 430 3384 eminentibuS,
489 3321 747 3386 superiore
799 3328 938 3384 parte
978 3316 1480 3382 subquadrangulus:
1542 3315 1740 3379 angulis
1783 3313 1906 3360 binis

1516 3410 1594 3462 3*
