2195 3657
204 87 325 151 152

202 240 542 305 Liptoviensis
599 250 646 291 et
701 241 960 293 ArvensiS.
1072 241 1218 292 Folia
1258 253 1372 293 sunt
1425 246 1763 304 subrotunda3
1821 245 1898 294 vel
1931 246 2058 295 wb-
2194 233 2195 290 l

200 343 645 403 rotundo-ovata,
686 359 776 391 nee
817 342 1034 391 obovata
1076 351 1126 390 ut
1167 341 1346 394 Smith.

269 440 392 493 717.
430 447 811 500 Monotropa
847 444 1219 503 nypopitys.

341 539 397 589 In
439 539 651 589 dumetis
697 537 976 603 subalpinis
1027 545 1074 586 et
1128 541 1519 592 {imbrosissimis
1569 542 1616 593 in
1654 542 1939 608 Scepusio,
1996 547 2057 596 ad

201 639 426 689 acidulas
467 639 616 706 Nagy
657 638 1019 689 SzalokenseS.
1095 639 1137 688 A
1178 640 1436 691 Maukseh
1478 650 1525 691 ot
1568 642 1849 693 Genersieh
1888 645 2056 696 missa.

200 737 402 787 Posonii
447 737 525 787 ubi
568 755 597 787 a
639 739 925 788 Lumnitzer
967 740 1114 790 lecta.

816 891 1441 978 Umbelliferae}

270 1037 392 1089 718.
435 1039 659 1087 Cicuta
695 1040 930 1089 virosa.
2010 1105 2012 1107 Ι

336 1139 390 1186 ln
430 1136 694 1200 paludibus
734 1154 1049 1203 nequaquam
1087 1137 1374 1197 sterilibus,
1419 1144 1470 1185 ut
1510 1136 1559 1185 in
1601 1136 1691 1200 Sp.
1734 1137 1805 1201 Pl,
1841 1146 2058 1189 notatur.

194 1239 243 1298 β.
296 1236 351 1286 ln
404 1237 580 1300 palude
637 1254 812 1287 versus
865 1238 1146 1287 Keresztur
1199 1246 1245 1286 et
1297 1236 1343 1286 in
1396 1236 1695 1306 Ense-diensi
1745 1236 1857 1304 inp
1911 1238 2061 1308 dicta,

196 1335 295 1400 legi
338 1335 505 1398 aliam,
549 1337 778 1386 umbellis
808 1338 964 1386 multo
1007 1337 1279 1387 minoribus
1322 1354 1488 1387 ramos
1530 1336 1689 1387 caulis
1729 1337 2059 1389 ramosissimi

196 1436 610 1503 terminantibus,
669 1436 804 1486 foliis
844 1437 1127 1502 foliolisque
1170 1437 1444 1486 minoribus
1487 1445 1534 1485 et
1573 1437 1846 1488 serraturis
1884 1422 2061 1488 horum

195 1536 423 1599 mutin-is,
464 1554 556 1587 nee
600 1539 907 1589 mucronatis
948 1538 1378 1588 albo-terminatis
1421 1537 1621 1602 (saltem
1666 1537 1711 1587 in
1753 1537 1936 1605 sicco).

269 1638 391 1689 719.
432 1643 493 1689 C.
537 1643 960 1700 angustifolia
993 1639 1129 1710 mihi.

342 1739 643 1789 Willdenow
685 1739 895 1789 similem
941 1740 1071 1788 misit
1117 1756 1202 1804 pro
1246 1739 1491 1789 varietate
1534 1735 1582 1787 C.
1612 1740 1842 1787 virosae.
1886 1737 2061 1787 Caulis

193 1839 244 1890 in
283 1839 444 1890 solum
489 1841 791 1904 uliginosum
835 1856 1134 1906 penetrans,
1177 1839 1514 1889 verticillatim
1556 1838 1753 1889 radices
1795 1855 2059 1902 exserens,

196 1948 394 1989 erectus
415 1938 850 2003 '2—3—pedalis‚
895 1940 1022 1989 ultra
1053 1939 1262 1989 medium
1291 1939 1562 1997 indivisus,
1604 1948 1767 1989 tamen
1797 1939 2057 2004 superiore

197 2047 336 2104 parte
389 2041 433 2088 in
499 2056 663 2089 ramos
717 2044 777 2091 ad
833 2041 1069 2105 angulum
1126 2050 1326 2090 acutum
1379 2049 1576 2090 erectos
1630 2040 1848 2103 divisus,
1907 2048 2059 2102 teres,

195 2141 432 2202 sti-imus,
474 2159 686 2206 pennam
728 2142 923 2192 anseris
963 2152 1048 2192 aut
1090 2144 1237 2209 cygni
1283 2142 1515 2192 crassitie
1556 2158 1802 2207 aequans.
1910 2140 2057 2192 Folia

196 2242 469 2305 bipinnata,
496 2243 788 2309 longissime
819 2244 1089 2307 petiolata:
1120 2243 1304 2294 foliolis
1335 2243 1629 2306 linearibus,
1657 2250 1842 2292 remote
1868 2242 2058 2292 inciso-

194 2342 433 2405 serratis,
509 2359 662 2407 saepe
720 2343 950 2392 dentibus
1009 2351 1199 2392 tantum
1261 2344 1452 2391 duobus
1514 2343 1734 2393 tribusve
1811 2342 2058 2409 utrinque,

200 2445 494 2508 qiiaudoque
525 2444 698 2493 unico:
741 2444 973 2493 dentibus
1005 2444 1590 2495 setaeeo-murrouatiS.
1642 2443 1868 2513 Vaginae
1911 2443 2058 2494 folio-

195 2562 299 2594 rum
359 2545 666 2594 eaulinoruni
729 2545 1513 2610 membranaceo-marginatae,
1590 2546 1833 2606 obtusae,
1911 2553 2058 2595 extus

192 2644 419 2696 striatae.
530 2643 763 2695 Umbella
818 2645 1118 2696 universalis
1177 2644 1333 2695 radiis
1390 2644 1629 2696 6—-10‘3
1688 2645 2057 2712 subaugulatiS.

192 2746 507 2795 lnvvoluerum
553 2745 833 2796 universale
877 2746 1100 2806 nullum,
1144 2745 1355 2811 partiale
1399 2745 1772 2811 polyphyllum‚
1815 2745 2059 2796 umbellu-

194 2847 291 2896 lam
331 2849 685 2913 subaequans:
727 2847 915 2898 foliolis
955 2843 1423 2898 lineari-‘sotacus
1501 2839 1678 2898 Caulis
1721 2829 2056 2912 purpurascit.

192 2945 427 2998 Umbella
477 2951 771 3015 quandoque
827 2966 1016 3000 ramum
1070 2948 1186 2999 edit.
1301 2949 1489 3015 Reperi
1529 2949 1579 3000 in
1621 2961 1764 3015 prato
1805 2950 2056 3016 uliginoso

194 3046 373 3098 Cottus
414 3047 798 3114 Siimeghiensis
841 3051 966 3099 inter
1006 3049 1205 3100 Homok
1246 3049 1331 3100 Sz.
1373 3050 1583 3116 Gyiirgy
1624 3058 1671 3100 et
1715 3050 1924 3101 Patosl'a
1960 3049 2058 3100 ini-

193 3147 260 3198 tio
299 3147 515 3213 Augusti
554 3148 828 3199 florentem.
2029 3152 2031 3155 ’

265 3247 385 3300 720.
425 3251 599 3298 Sium
634 3251 1002 3298 latifolium.

308 3346 393 3396 .In
432 3345 586 3397 fossi-s
628 3354 676 3395 et
718 3345 983 3410 paludibus
1026 3345 1249 3398 Pesthini
1287 3347 1526 3414 alibique.
