2195 3657
1822 119 1938 181 177

167 264 287 314 830.
324 269 401 314 R.
442 267 874 324 ean-pathmum
915 266 1048 315 mihi.

238 361 423 411 Frntex
476 364 636 424 altus,
701 378 1064 427 nonnumquam
1117 380 1324 429 orgyam
1390 368 1671 415 excedens,
1737 367 1939 415 caudice

100 477 195 510 non
235 477 350 512 raro
392 461 596 527 digitum
639 460 866 511 crassitie
908 470 1194 526 superante,
1237 464 1420 513 cortice
1460 463 1752 530 nigricante.
1798 464 1940 514 Folia

97 556 256 609 forma
293 554 365 608 R.
405 557 590 621 rubri,
637 559 724 608 sed
767 559 1059 623 profundius
1112 561 1356 624 virentia,
1406 562 1607 626 juniora
1661 578 1814 627 supra
1855 564 1941 611 ob-

97 672 241 706 scure
282 657 537 719 rubentia,
603 658 777 708 subtus
818 667 870 708 ut
920 658 966 708 in
1004 655 1075 707 R.
1118 658 1309 725 rubrO,
1372 659 1662 723 pallidiora,
1721 659 1942 720 nitidula,

95 772 249 821 Supra
300 756 414 821 pilis
466 758 697 809 brevibus
747 760 875 808 raris
927 760 1198 823 adspersa,
1267 761 1440 809 subtus
1509 760 1710 824 glabra,
1779 760 1941 808 nervis

93 852 328 918 venisque
371 853 481 919 pilis
522 857 791 920 adspersis.
837 857 1015 906 Petioli
1058 857 1398 920 semiteretes,
1438 875 1588 922 supra
1626 858 1942 922 planiuseuli‚

96 952 210 1017 pilis
249 954 510 1018 adspersi,
551 972 725 1005 versus
767 957 905 1006 basin
950 956 1259 1021 longioribus
1299 957 1469 1007 ciliati.
1549 958 1728 1008 Flores
1769 959 1816 1006 in
1857 975 1941 1008 ra-

94 1050 247 1100 cemis
287 1051 540 1115 pendulis:
584 1051 875 1116 pedunculis
918 1054 1330 1120 pubescemibus3
1372 1055 1619 1118 bracteis,
1662 1063 1710 1104 ut
1752 1056 1943 1105 videtur

94 1150 366 1214 truncatis,
438 1151 579 1216 apice
661 1153 1061 1216 pubescentibus.
1172 1154 1414 1204 Laciniae
1476 1155 1663 1220 calyeis
1741 1162 1941 1206 notante

94 1249 377 1311 Mauksch,
418 1251 627 1315 pilosae.
739 1252 955 1303 Fructus
998 1253 1167 1318 rubri,
1205 1254 1419 1303 omniurn
1461 1254 1750 1304 acidissimi.
1849 1254 1941 1304 Pili

96 1349 309 1412 partium
347 1350 476 1411 albi,
512 1352 779 1416 diaphaui,
829 1352 987 1403 nitidi.
1099 1353 1278 1403 Differt
1319 1371 1347 1403 a
1386 1351 1458 1403 R.
1502 1356 1689 1403 ciliaco
1730 1355 1943 1404 bracteis

95 1450 372 1513 pedunculo
413 1467 502 1499 suo
545 1452 874 1502 brevioribus.
950 1452 1204 1504 Habitatio
1263 1453 1311 1504 in
1351 1454 1556 1517 rupibus
1596 1454 1782 1518 alpium
1821 1454 1944 1503 Sce-

94 1549 400 1614 pusiensium
443 1560 490 1599 et
529 1551 950 1616 Liptoviensium.
1029 1554 1199 1605 Slavis
1251 1571 1282 1604 a
1333 1571 1514 1619 sapore
1555 1554 1800 1604 fruetuum
1843 1556 1946 1604 aci-

94 1650 298 1700 dissimo
352 1650 533 1700 dicitur
569 1649 932 1714 Quaszm'cza.
1048 1654 1193 1719 (Dies
1248 1654 1311 1704 ist
1351 1654 1585 1704 Rochel's
1626 1651 1698 1702 R.
1740 1657 1943 1702 acerri-

94 1750 278 1814 mum.)
354 1750 444 1798 Pili
494 1751 789 1815 petiolorum
834 1753 1069 1818 prinlum,
1113 1761 1160 1802 ut
1203 1754 1248 1803 in
1287 1751 1357 1800 R.
1387 1752 1567 1815 rubro,
1608 1750 1941 1817 glanduliseri.

95 1844 172 1899 R.
220 1848 446 1899 rubrum
492 1848 566 1899 R.
617 1852 932 1918 carpathico
995 1861 1069 1902 est
1124 1852 1422 1903 simillimum
1487 1856 1572 1902 sed
1622 1851 1743 1901 folia
1795 1867 1947 1915 supra

101 1946 478 2012 glabriuscula,
519 1950 694 2000 subtus
738 1951 914 2016 ubique
958 1951 1213 2013 tenuiore,
1268 1951 1592 2016 brevioreque
1635 1951 1777 2015 pube.

171 2090 293 2142 831.
331 2095 410 2140 R.
451 2096 798 2150 petraeum.

239 2190 417 2240 Flores
468 2193 832 2255 cainpanulati,
893 2209 1050 2258 neque
1093 2192 1410 2258 planiusculi.
1511 2194 1560 2243 ln
1602 2192 1844 2257 Scepusio
1886 2197 1945 2243 ad

101 2292 273 2354 pedem
316 2292 494 2340 montis
528 2291 754 2342 Kralova
792 2291 923 2342 Hola
964 2293 1247 2358 (Rochel.).

166 2389 288 2441 832.
326 2395 402 2438 R.
443 2394 742 2449 alpinum.

262 2517 468 2568 Habitat
519 2519 564 2568 in
617 2520 758 2569 silvis
812 2521 1088 2585 subalpinis
1145 2519 1592 2586 Scepusiensibus,
1660 2521 1949 2585 Liptovien-

99 2617 254 2668 sibus,

168 2745 289 2798 833.
328 2752 407 2795 R.
446 2750 718 2796 lucidum
756 2747 886 2797 mihi.

244 2845 432 2895 Frutex
475 2863 736 2909 ramosus,
777 2855 990 2896 erectus.
1103 2847 1244 2897 Rami
1286 2848 1563 2897 crassiores
1605 2864 1747 2913 quam
1789 2847 1836 2896 in
1877 2845 1948 2896 R.

102 2946 314 3012 alpino,
356 2956 608 2996 caeteruin
649 2948 866 3009 similes,
907 2949 993 2996 sed
1037 2948 1160 2996 fusci
1204 2956 1249 2996 et
1291 2948 1451 3011 inagis
1492 2947 1660 2997 erecti.
1736 2947 1880 2997 Folia
1924 2964 1948 2994 e

103 3044 207 3093 basi
268 3054 416 3096 ovata
467 3063 638 3110 parum
698 3047 931 3110 dilatata,
1005 3047 1235 3113 longiora
1287 3065 1429 3113 quam
1480 3049 1609 3110 lata,
1668 3049 1717 3096 in
1765 3046 1948 3096 femina

102 3142 343 3209 oblonga,
393 3146 534 3210 apice
575 3148 780 3209 triloba,
835 3147 963 3196 lobis
1003 3147 1245 3210 dentatis,
1294 3147 1423 3198 infra
1464 3147 1603 3196 lobos
1643 3146 1946 3212 marginibus

104 3241 327 3291 obsolete
369 3247 606 3306 serratis,
669 3245 892 3310 utrinque
934 3245 1139 3308 glabra,
1204 3249 1379 3295 subtus
1422 3245 1947 3305 trinervato-venosa,

103 3337 281 3388 lucida.
397 3339 573 3390 Petioli
614 3342 955 3404 semiteretes,
1021 3358 1176 3406 supra
1215 3341 1566 3403 canaliculati,
1640 3339 1944 3406 marginibus

1578 3440 1644 3493 12
