<?xml version="1.0" encoding="UTF-8"?>
<!DOCTYPE html PUBLIC "-//W3C//DTD XHTML 1.0 Transitional//EN"
    "http://www.w3.org/TR/xhtml1/DTD/xhtml1-transitional.dtd">
<html xmlns="http://www.w3.org/1999/xhtml" xml:lang="en" lang="en">
 <head>
  <title>
</title>
<meta http-equiv="Content-Type" content="text/html;charset=utf-8" />
  <meta name='ocr-system' content='tesseract 3.04.00' />
  <meta name='ocr-capabilities' content='ocr_page ocr_carea ocr_par ocr_line ocrx_word'/>
</head>
<body>
  <div class='ocr_page' id='page_1' title='image "./additamentaadflo00kita_0132.png"; bbox 0 0 2195 3657; ppageno 0'>
   <div class='ocr_carea' id='block_1_1' title="bbox 243 54 365 138">
    <p class='ocr_par' dir='ltr' id='par_1_1' title="bbox 243 54 365 138">
     <span class='ocr_line' id='line_1_1' title="bbox 243 54 365 138; baseline 0 -1"><span class='ocrx_word' id='word_1_1' title='bbox 243 54 365 138; x_wconf 75' lang='lat'><strong>&#39;126</strong></span> 
     </span>
    </p>
   </div>
   <div class='ocr_carea' id='block_1_2' title="bbox 192 323 2101 800">
    <p class='ocr_par' dir='ltr' id='par_1_2' title="bbox 192 323 2101 800">
     <span class='ocr_line' id='line_1_2' title="bbox 908 323 1428 382; baseline 0.002 -2"><span class='ocrx_word' id='word_1_2' title='bbox 908 323 1428 382; x_wconf 77' lang='lat' dir='ltr'><strong>Lonicereae.</strong></span> 
     </span>
     <span class='ocr_line' id='line_1_3' title="bbox 313 436 1268 493; baseline -0.002 -7"><span class='ocrx_word' id='word_1_3' title='bbox 313 438 435 488; x_wconf 85' lang='grc'><strong>568.</strong></span> <span class='ocrx_word' id='word_1_4' title='bbox 476 439 792 485; x_wconf 73' lang='lat' dir='ltr'><strong>Lonicera</strong></span> <span class='ocrx_word' id='word_1_5' title='bbox 828 436 1268 493; x_wconf 71' lang='lat' dir='ltr'><strong>eaprifolium.</strong></span> 
     </span>
     <span class='ocr_line' id='line_1_4' title="bbox 388 532 2100 597; baseline 0 -14"><span class='ocrx_word' id='word_1_6' title='bbox 388 536 437 584; x_wconf 86' lang='lat' dir='ltr'><strong>ln</strong></span> <span class='ocrx_word' id='word_1_7' title='bbox 479 534 724 584; x_wconf 76' lang='lat' dir='ltr'><strong>fruticetis</strong></span> <span class='ocrx_word' id='word_1_8' title='bbox 776 543 823 583; x_wconf 86' lang='lat' dir='ltr'><strong>et</strong></span> <span class='ocrx_word' id='word_1_9' title='bbox 863 534 1066 597; x_wconf 78' lang='lat' dir='ltr'><strong>sepibus</strong></span> <span class='ocrx_word' id='word_1_10' title='bbox 1116 534 1243 584; x_wconf 87' lang='lat' dir='ltr'><strong>vivis</strong></span> <span class='ocrx_word' id='word_1_11' title='bbox 1299 533 1349 582; x_wconf 90' lang='lat' dir='ltr'><strong>in</strong></span> <span class='ocrx_word' id='word_1_12' title='bbox 1389 533 1669 596; x_wconf 78' lang='lat' dir='ltr'><strong>Murakiiz,</strong></span> <span class='ocrx_word' id='word_1_13' title='bbox 1722 533 1770 582; x_wconf 88' lang='lat' dir='ltr'><strong>in</strong></span> <span class='ocrx_word' id='word_1_14' title='bbox 1811 532 1959 582; x_wconf 88' lang='lat' dir='ltr'><strong>Cottu</strong></span> <span class='ocrx_word' id='word_1_15' title='bbox 2002 533 2100 583; x_wconf 88' lang='lat' dir='ltr'><strong>Va-</strong></span> 
     </span>
     <span class='ocr_line' id='line_1_5' title="bbox 245 634 2101 701; baseline -0.001 -16"><span class='ocrx_word' id='word_1_16' title='bbox 245 637 551 700; x_wconf 82' lang='lat' dir='ltr'><strong>rasdinensi‚</strong></span> <span class='ocrx_word' id='word_1_17' title='bbox 603 635 939 701; x_wconf 85' lang='lat' dir='ltr'><strong>Zagrabiensi</strong></span> <span class='ocrx_word' id='word_1_18' title='bbox 980 652 1077 684; x_wconf 91' lang='lat' dir='ltr'><strong>non</strong></span> <span class='ocrx_word' id='word_1_19' title='bbox 1120 635 1291 698; x_wconf 84' lang='lat' dir='ltr'><strong>procul</strong></span> <span class='ocrx_word' id='word_1_20' title='bbox 1336 634 1625 700; x_wconf 70' lang='lat' dir='ltr'><strong>Zagraffia,</strong></span> <span class='ocrx_word' id='word_1_21' title='bbox 1674 634 1720 684; x_wconf 89' lang='lat' dir='ltr'><strong>iu</strong></span> <span class='ocrx_word' id='word_1_22' title='bbox 1763 635 1893 685; x_wconf 86' lang='lat' dir='ltr'><strong>silva</strong></span> <span class='ocrx_word' id='word_1_23' title='bbox 1929 635 2101 685; x_wconf 82' lang='lat' dir='ltr'><strong>Maxi-</strong></span> 
     </span>
     <span class='ocr_line' id='line_1_6' title="bbox 192 734 1898 800; baseline 0.001 -16"><span class='ocrx_word' id='word_1_24' title='bbox 192 740 196 745; x_wconf 89' lang='lat'>&#39;</span> <span class='ocrx_word' id='word_1_25' title='bbox 246 737 364 797; x_wconf 80' lang='lat' dir='ltr'><strong>mir,</strong></span> <span class='ocrx_word' id='word_1_26' title='bbox 405 737 454 784; x_wconf 90' lang='lat' dir='ltr'><strong>in</strong></span> <span class='ocrx_word' id='word_1_27' title='bbox 497 734 765 785; x_wconf 69' lang='lat' dir='ltr'><strong>Veronensi</strong></span> <span class='ocrx_word' id='word_1_28' title='bbox 808 752 905 784; x_wconf 94' lang='lat' dir='ltr'><strong>non</strong></span> <span class='ocrx_word' id='word_1_29' title='bbox 946 734 1119 800; x_wconf 85' lang='lat' dir='ltr'><strong>procul</strong></span> <span class='ocrx_word' id='word_1_30' title='bbox 1157 734 1411 785; x_wconf 79' lang='lat' dir='ltr'><strong>Essekino</strong></span> <span class='ocrx_word' id='word_1_31' title='bbox 1454 743 1501 784; x_wconf 80' lang='lat' dir='ltr'><strong>et</strong></span> <span class='ocrx_word' id='word_1_32' title='bbox 1542 736 1589 785; x_wconf 85' lang='lat' dir='ltr'><strong>in</strong></span> <span class='ocrx_word' id='word_1_33' title='bbox 1631 734 1898 787; x_wconf 82' lang='lat' dir='ltr'><strong>Tolnensi.</strong></span> 
     </span>
    </p>
   </div>
   <div class='ocr_carea' id='block_1_3' title="bbox 314 833 2097 998">
    <p class='ocr_par' dir='ltr' id='par_1_3' title="bbox 314 833 2097 998">
     <span class='ocr_line' id='line_1_7' title="bbox 314 833 790 893; baseline 0.004 -12"><span class='ocrx_word' id='word_1_34' title='bbox 314 833 437 883; x_wconf 81' lang='lat'><strong>569.</strong></span> <span class='ocrx_word' id='word_1_35' title='bbox 478 836 545 881; x_wconf 76' lang='lat' dir='ltr'><strong>IA-</strong></span> <span class='ocrx_word' id='word_1_36' title='bbox 587 836 790 893; x_wconf 79' lang='lat' dir='ltr'><strong>nigra.</strong></span> 
     </span>
     <span class='ocr_line' id='line_1_8' title="bbox 384 930 2097 998; baseline 0.001 -18"><span class='ocrx_word' id='word_1_37' title='bbox 384 931 439 981; x_wconf 90' lang='lat' dir='ltr'><strong>ln</strong></span> <span class='ocrx_word' id='word_1_38' title='bbox 479 932 621 982; x_wconf 88' lang='lat' dir='ltr'><strong>silvis</strong></span> <span class='ocrx_word' id='word_1_39' title='bbox 662 935 889 983; x_wconf 80' lang='lat' dir='ltr'><strong>acerosis</strong></span> <span class='ocrx_word' id='word_1_40' title='bbox 932 930 1170 982; x_wconf 83' lang='lat' dir='ltr'><strong>Croatiae</strong></span> <span class='ocrx_word' id='word_1_41' title='bbox 1212 948 1389 983; x_wconf 77' lang='lat' dir='ltr'><strong>versus</strong></span> <span class='ocrx_word' id='word_1_42' title='bbox 1429 932 1752 998; x_wconf 84' lang='lat' dir='ltr'><strong>Merkopak,</strong></span> <span class='ocrx_word' id='word_1_43' title='bbox 1793 932 1970 982; x_wconf 88' lang='lat' dir='ltr'><strong>Cottus</strong></span> <span class='ocrx_word' id='word_1_44' title='bbox 2006 933 2097 982; x_wconf 79' lang='lat' dir='ltr'><strong>Ar-</strong></span> 
     </span>
    </p>
   </div>
   <div class='ocr_carea' id='block_1_4' title="bbox 238 1032 2107 2588">
    <p class='ocr_par' dir='ltr' id='par_1_4' title="bbox 243 1032 2102 1185">
     <span class='ocr_line' id='line_1_9' title="bbox 244 1032 2102 1099; baseline 0 -17"><span class='ocrx_word' id='word_1_45' title='bbox 244 1032 410 1082; x_wconf 79' lang='lat' dir='ltr'><strong>vensis</strong></span> <span class='ocrx_word' id='word_1_46' title='bbox 451 1033 567 1099; x_wconf 81' lang='lat' dir='ltr'><strong>(sub</strong></span> <span class='ocrx_word' id='word_1_47' title='bbox 610 1032 768 1083; x_wconf 86' lang='lat' dir='ltr'><strong>Babia</strong></span> <span class='ocrx_word' id='word_1_48' title='bbox 809 1033 1002 1097; x_wconf 77' lang='lat' dir='ltr'><strong>Gora),</strong></span> <span class='ocrx_word' id='word_1_49' title='bbox 1069 1032 1452 1098; x_wconf 82' lang='lat' dir='ltr'><strong>Scepusiensis‚</strong></span> <span class='ocrx_word' id='word_1_50' title='bbox 1516 1032 1834 1084; x_wconf 69' lang='lat' dir='ltr'><strong>Sarosiensis</strong></span> <span class='ocrx_word' id='word_1_51' title='bbox 1875 1042 1924 1082; x_wconf 80' lang='lat' dir='ltr'><strong>et</strong></span> <span class='ocrx_word' id='word_1_52' title='bbox 1962 1034 2102 1083; x_wconf 84' lang='lat' dir='ltr'><strong>Mar-</strong></span> 
     </span>
     <span class='ocr_line' id='line_1_10' title="bbox 243 1116 586 1185; baseline 0.009 -3"><span class='ocrx_word' id='word_1_53' title='bbox 243 1116 586 1185; x_wconf 80' lang='lat' dir='ltr'><strong>marosiensiS.</strong></span> 
     </span>
    </p>

    <p class='ocr_par' dir='ltr' id='par_1_5' title="bbox 309 1232 967 1293">
     <span class='ocr_line' id='line_1_11' title="bbox 309 1232 967 1293; baseline -0.008 -8"><span class='ocrx_word' id='word_1_54' title='bbox 309 1232 431 1285; x_wconf 79' lang='lat'><strong>570.</strong></span> <span class='ocrx_word' id='word_1_55' title='bbox 467 1237 536 1282; x_wconf 70' lang='lat' dir='ltr'><strong>Ia.</strong></span> <span class='ocrx_word' id='word_1_56' title='bbox 585 1236 967 1293; x_wconf 75' lang='lat' dir='ltr'><strong>Xylosteum.</strong></span> 
     </span>
    </p>

    <p class='ocr_par' dir='ltr' id='par_1_6' title="bbox 277 1329 1551 1403">
     <span class='ocr_line' id='line_1_12' title="bbox 277 1329 1551 1403; baseline 0.002 -21"><span class='ocrx_word' id='word_1_57' title='bbox 277 1401 280 1403; x_wconf 14' lang='grc' dir='ltr'><strong>Α</strong></span> <span class='ocrx_word' id='word_1_58' title='bbox 381 1333 437 1382; x_wconf 91' lang='lat' dir='ltr'><strong>ln</strong></span> <span class='ocrx_word' id='word_1_59' title='bbox 479 1332 620 1381; x_wconf 86' lang='lat' dir='ltr'><strong>silvis</strong></span> <span class='ocrx_word' id='word_1_60' title='bbox 663 1343 710 1380; x_wconf 79' lang='lat' dir='ltr'><strong>ot</strong></span> <span class='ocrx_word' id='word_1_61' title='bbox 751 1330 958 1397; x_wconf 82' lang='lat' dir='ltr'>sepibus</span> <span class='ocrx_word' id='word_1_62' title='bbox 1000 1331 1147 1380; x_wconf 75' lang='lat' dir='ltr'><strong>otiam</strong></span> <span class='ocrx_word' id='word_1_63' title='bbox 1191 1332 1241 1379; x_wconf 92' lang='lat' dir='ltr'><strong>in</strong></span> <span class='ocrx_word' id='word_1_64' title='bbox 1282 1329 1551 1397; x_wconf 81' lang='lat' dir='ltr'><strong>Scepusio.</strong></span> 
     </span>
    </p>

    <p class='ocr_par' dir='ltr' id='par_1_7' title="bbox 310 1434 1941 1508">
     <span class='ocr_line' id='line_1_13' title="bbox 310 1434 1941 1508; baseline -0.002 -25"><span class='ocrx_word' id='word_1_65' title='bbox 310 1434 432 1485; x_wconf 85' lang='lat'><strong>571.</strong></span> <span class='ocrx_word' id='word_1_66' title='bbox 472 1437 542 1482; x_wconf 75' lang='lat' dir='ltr'><strong>L.</strong></span> <span class='ocrx_word' id='word_1_67' title='bbox 583 1435 970 1494; x_wconf 58' lang='lat' dir='ltr'><strong>pyrenaica?</strong></span> <span class='ocrx_word' id='word_1_68' title='bbox 1931 1500 1941 1508; x_wconf 29' lang='grc' dir='ltr'><strong><em>υ</em></strong></span> 
     </span>
    </p>

    <p class='ocr_par' dir='ltr' id='par_1_8' title="bbox 240 1525 2105 1785">
     <span class='ocr_line' id='line_1_14' title="bbox 326 1525 2104 1596; baseline -0.002 -13"><span class='ocrx_word' id='word_1_69' title='bbox 326 1525 329 1527; x_wconf 38' lang='grc'><strong><em>’</em></strong></span> <span class='ocrx_word' id='word_1_70' title='bbox 381 1533 425 1583; x_wconf 90' lang='lat' dir='ltr'>A</span> <span class='ocrx_word' id='word_1_71' title='bbox 468 1533 747 1583; x_wconf 76' lang='lat' dir='ltr'><strong>Genersich</strong></span> <span class='ocrx_word' id='word_1_72' title='bbox 790 1535 880 1581; x_wconf 81' lang='lat' dir='ltr'><strong>sub</strong></span> <span class='ocrx_word' id='word_1_73' title='bbox 922 1549 1053 1582; x_wconf 86' lang='lat' dir='ltr'><strong>nom.</strong></span> <span class='ocrx_word' id='word_1_74' title='bbox 1094 1528 1163 1581; x_wconf 89' lang='lat' dir='ltr'><strong>L.</strong></span> <span class='ocrx_word' id='word_1_75' title='bbox 1193 1531 1492 1596; x_wconf 79' lang='lat' dir='ltr'><strong>alpe&#39;genae</strong></span> <span class='ocrx_word' id='word_1_76' title='bbox 1531 1531 1701 1582; x_wconf 86' lang='lat' dir='ltr'><strong>missa.</strong></span> <span class='ocrx_word' id='word_1_77' title='bbox 1751 1530 1898 1581; x_wconf 89' lang='lat' dir='ltr'><strong>Folia</strong></span> <span class='ocrx_word' id='word_1_78' title='bbox 1926 1531 2104 1596; x_wconf 85' lang='lat' dir='ltr'><strong>glabra</strong></span> 
     </span>
     <span class='ocr_line' id='line_1_15' title="bbox 240 1630 2105 1700; baseline -0.002 -17"><span class='ocrx_word' id='word_1_79' title='bbox 240 1635 687 1700; x_wconf 82' lang='lat' dir='ltr'><strong>oblongo—ovata,</strong></span> <span class='ocrx_word' id='word_1_80' title='bbox 728 1635 903 1683; x_wconf 84' lang='lat' dir='ltr'><strong>obtuse</strong></span> <span class='ocrx_word' id='word_1_81' title='bbox 945 1631 1356 1693; x_wconf 72' lang='lat' dir='ltr'><strong>subacumhmta,</strong></span> <span class='ocrx_word' id='word_1_82' title='bbox 1399 1630 1505 1682; x_wconf 83' lang='lat' dir='ltr'><strong>basi</strong></span> <span class='ocrx_word' id='word_1_83' title='bbox 1547 1640 1837 1697; x_wconf 81' lang='lat' dir='ltr'><strong>angustata.</strong></span> <span class='ocrx_word' id='word_1_84' title='bbox 1909 1630 2105 1681; x_wconf 81' lang='lat' dir='ltr'><strong>Baceae</strong></span> 
     </span>
     <span class='ocr_line' id='line_1_16' title="bbox 241 1735 523 1785; baseline 0.007 -2"><span class='ocrx_word' id='word_1_85' title='bbox 241 1735 523 1785; x_wconf 78' lang='lat' dir='ltr'><strong>distinctae.</strong></span> 
     </span>
    </p>

    <p class='ocr_par' dir='ltr' id='par_1_9' title="bbox 310 1835 895 1893">
     <span class='ocr_line' id='line_1_17' title="bbox 310 1835 895 1893; baseline -0.005 -8"><span class='ocrx_word' id='word_1_86' title='bbox 310 1835 431 1885; x_wconf 75' lang='lat'><strong>572.</strong></span> <span class='ocrx_word' id='word_1_87' title='bbox 470 1838 537 1883; x_wconf 73' lang='lat' dir='ltr'><strong>L.</strong></span> <span class='ocrx_word' id='word_1_88' title='bbox 579 1836 895 1893; x_wconf 65' lang='lat' dir='ltr'><strong>antigena«.</strong></span> 
     </span>
    </p>

    <p class='ocr_par' dir='ltr' id='par_1_10' title="bbox 382 1932 1473 1998">
     <span class='ocr_line' id='line_1_18' title="bbox 382 1932 1473 1998; baseline 0 -15"><span class='ocrx_word' id='word_1_89' title='bbox 382 1935 435 1983; x_wconf 89' lang='lat' dir='ltr'><strong>ln</strong></span> <span class='ocrx_word' id='word_1_90' title='bbox 475 1933 616 1983; x_wconf 88' lang='lat' dir='ltr'><strong>silvis</strong></span> <span class='ocrx_word' id='word_1_91' title='bbox 658 1932 896 1983; x_wconf 84' lang='lat' dir='ltr'><strong>Croatiae</strong></span> <span class='ocrx_word' id='word_1_92' title='bbox 939 1940 1203 1982; x_wconf 75' lang='lat' dir='ltr'><strong>montanae</strong></span> <span class='ocrx_word' id='word_1_93' title='bbox 1246 1932 1473 1998; x_wconf 81' lang='lat' dir='ltr'><strong>copiosa.</strong></span> 
     </span>
    </p>

    <p class='ocr_par' dir='ltr' id='par_1_11' title="bbox 238 2032 2107 2405">
     <span class='ocr_line' id='line_1_19' title="bbox 311 2032 2107 2095; baseline -0.002 -10"><span class='ocrx_word' id='word_1_94' title='bbox 311 2035 434 2086; x_wconf 80' lang='lat'><strong>573.</strong></span> <span class='ocrx_word' id='word_1_95' title='bbox 473 2040 540 2084; x_wconf 72' lang='lat' dir='ltr'><strong>L.</strong></span> <span class='ocrx_word' id='word_1_96' title='bbox 582 2037 914 2094; x_wconf 68' lang='lat' dir='ltr'><strong>can-patina</strong></span> <span class='ocrx_word' id='word_1_97' title='bbox 955 2033 1089 2095; x_wconf 84' lang='lat' dir='ltr'><strong>mihi,</strong></span> <span class='ocrx_word' id='word_1_98' title='bbox 1127 2038 1194 2083; x_wconf 72' lang='lat' dir='ltr'><strong>L.</strong></span> <span class='ocrx_word' id='word_1_99' title='bbox 1225 2038 1526 2083; x_wconf 73' lang='lat' dir='ltr'><strong>caerulea</strong></span> <span class='ocrx_word' id='word_1_100' title='bbox 1565 2032 1682 2082; x_wconf 81' lang='lat' dir='ltr'>mihi</span> <span class='ocrx_word' id='word_1_101' title='bbox 1724 2042 1799 2082; x_wconf 82' lang='lat' dir='ltr'><strong>est</strong></span> <span class='ocrx_word' id='word_1_102' title='bbox 1826 2037 1894 2082; x_wconf 71' lang='lat' dir='ltr'><strong>L.</strong></span> <span class='ocrx_word' id='word_1_103' title='bbox 1919 2036 2107 2094; x_wconf 79' lang='lat' dir='ltr'><strong>nigra</strong></span> 
     </span>
     <span class='ocr_line' id='line_1_20' title="bbox 241 2133 2106 2202; baseline -0.001 -18"><span class='ocrx_word' id='word_1_104' title='bbox 241 2135 469 2202; x_wconf 86' lang='lat' dir='ltr'><strong>Jacqnini</strong></span> <span class='ocrx_word' id='word_1_105' title='bbox 507 2145 638 2186; x_wconf 86' lang='lat' dir='ltr'><strong>anst.</strong></span> <span class='ocrx_word' id='word_1_106' title='bbox 680 2145 714 2187; x_wconf 86' lang='lat' dir='ltr'><strong>t.</strong></span> <span class='ocrx_word' id='word_1_107' title='bbox 740 2136 860 2187; x_wconf 80' lang='grc'><strong>314.</strong></span> <span class='ocrx_word' id='word_1_108' title='bbox 903 2145 950 2184; x_wconf 78' lang='lat' dir='ltr'><strong>et</strong></span> <span class='ocrx_word' id='word_1_109' title='bbox 990 2134 1184 2185; x_wconf 83' lang='lat' dir='ltr'><strong>Halleri</strong></span> <span class='ocrx_word' id='word_1_110' title='bbox 1224 2152 1272 2184; x_wconf 87' lang='lat' dir='ltr'><strong>n.</strong></span> <span class='ocrx_word' id='word_1_111' title='bbox 1312 2135 1435 2186; x_wconf 85' lang='grc'><strong>676.</strong></span> <span class='ocrx_word' id='word_1_112' title='bbox 1511 2133 1720 2199; x_wconf 86' lang='lat' dir='ltr'><strong>Jacqnin</strong></span> <span class='ocrx_word' id='word_1_113' title='bbox 1763 2133 1978 2184; x_wconf 85' lang='lat' dir='ltr'><strong>stamina</strong></span> <span class='ocrx_word' id='word_1_114' title='bbox 2019 2151 2106 2202; x_wconf 79' lang='lat' dir='ltr'><strong>co-</strong></span> 
     </span>
     <span class='ocr_line' id='line_1_21' title="bbox 240 2234 2104 2300; baseline -0.002 -14"><span class='ocrx_word' id='word_1_115' title='bbox 240 2238 369 2287; x_wconf 87' lang='lat' dir='ltr'><strong>rolla.</strong></span> <span class='ocrx_word' id='word_1_116' title='bbox 410 2236 670 2298; x_wconf 80' lang='lat' dir='ltr'><strong>breviora,</strong></span> <span class='ocrx_word' id='word_1_117' title='bbox 722 2236 962 2286; x_wconf 83' lang='lat' dir='ltr'><strong>Hallerns</strong></span> <span class='ocrx_word' id='word_1_118' title='bbox 1005 2235 1238 2300; x_wconf 79' lang='lat' dir='ltr'><strong>longiora</strong></span> <span class='ocrx_word' id='word_1_119' title='bbox 1275 2234 1420 2294; x_wconf 82' lang='lat' dir='ltr'><strong>dicit3</strong></span> <span class='ocrx_word' id='word_1_120' title='bbox 1498 2251 1593 2300; x_wconf 77' lang='lat' dir='ltr'><strong>ogo</strong></span> <span class='ocrx_word' id='word_1_121' title='bbox 1647 2250 1776 2284; x_wconf 90' lang='lat' dir='ltr'><strong>anno</strong></span> <span class='ocrx_word' id='word_1_122' title='bbox 1821 2234 1957 2286; x_wconf 87' lang='grc'><strong>1810</strong></span> <span class='ocrx_word' id='word_1_123' title='bbox 1995 2234 2104 2283; x_wconf 91' lang='lat' dir='ltr'><strong>lon-</strong></span> 
     </span>
     <span class='ocr_line' id='line_1_22' title="bbox 238 2334 1489 2405; baseline -0.002 -18"><span class='ocrx_word' id='word_1_124' title='bbox 238 2340 382 2405; x_wconf 82' lang='lat' dir='ltr'><strong>giora</strong></span> <span class='ocrx_word' id='word_1_125' title='bbox 406 2375 419 2399; x_wconf 88' lang='lat'>‚</span> <span class='ocrx_word' id='word_1_126' title='bbox 465 2338 602 2388; x_wconf 77' lang='lat'>1816</span> <span class='ocrx_word' id='word_1_127' title='bbox 640 2337 875 2386; x_wconf 78' lang='lat' dir='ltr'><strong>breviora</strong></span> <span class='ocrx_word' id='word_1_128' title='bbox 916 2346 963 2386; x_wconf 75' lang='lat' dir='ltr'><strong>et</strong></span> <span class='ocrx_word' id='word_1_129' title='bbox 1002 2335 1333 2401; x_wconf 83' lang='lat' dir='ltr'><strong>subaequalia</strong></span> <span class='ocrx_word' id='word_1_130' title='bbox 1373 2334 1489 2384; x_wconf 88' lang='lat' dir='ltr'><strong>vidi.</strong></span> 
     </span>
    </p>

    <p class='ocr_par' dir='ltr' id='par_1_12' title="bbox 241 2434 2103 2588">
     <span class='ocr_line' id='line_1_23' title="bbox 384 2434 2103 2503; baseline -0.001 -17"><span class='ocrx_word' id='word_1_131' title='bbox 384 2437 592 2488; x_wconf 84' lang='lat' dir='ltr'><strong>Habitat</strong></span> <span class='ocrx_word' id='word_1_132' title='bbox 645 2440 692 2487; x_wconf 88' lang='lat' dir='ltr'><strong>in</strong></span> <span class='ocrx_word' id='word_1_133' title='bbox 747 2436 928 2503; x_wconf 79' lang='lat' dir='ltr'><strong>pinetis</strong></span> <span class='ocrx_word' id='word_1_134' title='bbox 969 2436 1146 2487; x_wconf 88' lang='lat' dir='ltr'><strong>Cottus</strong></span> <span class='ocrx_word' id='word_1_135' title='bbox 1186 2436 1427 2486; x_wconf 84' lang='lat' dir='ltr'><strong>Arvensis</strong></span> <span class='ocrx_word' id='word_1_136' title='bbox 1480 2444 1527 2485; x_wconf 82' lang='lat' dir='ltr'><strong>et</strong></span> <span class='ocrx_word' id='word_1_137' title='bbox 1579 2436 1626 2485; x_wconf 88' lang='lat' dir='ltr'><strong>in</strong></span> <span class='ocrx_word' id='word_1_138' title='bbox 1682 2435 1797 2501; x_wconf 80' lang='lat' dir='ltr'><strong>alpe</strong></span> <span class='ocrx_word' id='word_1_139' title='bbox 1836 2434 2103 2486; x_wconf 83' lang='lat' dir='ltr'><strong>Plissiviea</strong></span> 
     </span>
     <span class='ocr_line' id='line_1_24' title="bbox 241 2538 500 2588; baseline -0.008 0"><span class='ocrx_word' id='word_1_140' title='bbox 241 2538 500 2588; x_wconf 83' lang='lat' dir='ltr'><strong>Croatiae.</strong></span> 
     </span>
    </p>
   </div>
   <div class='ocr_carea' id='block_1_5' title="bbox 241 2641 2101 3297">
    <p class='ocr_par' dir='ltr' id='par_1_13' title="bbox 241 2641 2101 3297">
     <span class='ocr_line' id='line_1_25' title="bbox 316 2641 1162 2691; baseline -0.005 0"><span class='ocrx_word' id='word_1_141' title='bbox 316 2641 437 2691; x_wconf 75' lang='lat'><strong>574.</strong></span> <span class='ocrx_word' id='word_1_142' title='bbox 478 2642 824 2688; x_wconf 75' lang='lat' dir='ltr'><strong>Viburnum</strong></span> <span class='ocrx_word' id='word_1_143' title='bbox 854 2643 1162 2689; x_wconf 72' lang='lat' dir='ltr'><strong>Lantana.</strong></span> 
     </span>
     <span class='ocr_line' id='line_1_26' title="bbox 382 2736 2099 2805; baseline -0.001 -19"><span class='ocrx_word' id='word_1_144' title='bbox 382 2739 438 2788; x_wconf 89' lang='lat' dir='ltr'><strong>ln</strong></span> <span class='ocrx_word' id='word_1_145' title='bbox 477 2739 681 2803; x_wconf 66' lang='lat' dir='ltr'><strong>sepibus</strong></span> <span class='ocrx_word' id='word_1_146' title='bbox 724 2746 771 2788; x_wconf 79' lang='lat' dir='ltr'><strong>et</strong></span> <span class='ocrx_word' id='word_1_147' title='bbox 813 2738 1088 2802; x_wconf 76' lang='lat' dir='ltr'><strong>fratiretis,</strong></span> <span class='ocrx_word' id='word_1_148' title='bbox 1137 2738 1283 2805; x_wconf 81' lang='lat' dir='ltr'><strong>inque</strong></span> <span class='ocrx_word' id='word_1_149' title='bbox 1326 2736 1642 2801; x_wconf 81' lang='lat' dir='ltr'><strong>rupestribns</strong></span> <span class='ocrx_word' id='word_1_150' title='bbox 1684 2737 1952 2787; x_wconf 69' lang='lat' dir='ltr'><strong>calo-areis.</strong></span> <span class='ocrx_word' id='word_1_151' title='bbox 2026 2739 2099 2786; x_wconf 84' lang='lat' dir='ltr'><strong>Ad</strong></span> 
     </span>
     <span class='ocr_line' id='line_1_27' title="bbox 245 2837 2101 2902; baseline -0.001 -16"><span class='ocrx_word' id='word_1_152' title='bbox 245 2847 558 2889; x_wconf 79' lang='lat' dir='ltr'><strong>catarractas</strong></span> <span class='ocrx_word' id='word_1_153' title='bbox 599 2838 978 2889; x_wconf 70' lang='lat' dir='ltr'><strong>Moticskenses</strong></span> <span class='ocrx_word' id='word_1_154' title='bbox 1018 2837 1221 2901; x_wconf 87' lang='lat' dir='ltr'><strong>notavi,</strong></span> <span class='ocrx_word' id='word_1_155' title='bbox 1272 2837 1396 2887; x_wconf 81' lang='lat' dir='ltr'><strong>tolia</strong></span> <span class='ocrx_word' id='word_1_156' title='bbox 1443 2854 1597 2902; x_wconf 86' lang='lat' dir='ltr'><strong>supra</strong></span> <span class='ocrx_word' id='word_1_157' title='bbox 1637 2837 1908 2887; x_wconf 85' lang='lat' dir='ltr'><strong>stellulatis</strong></span> <span class='ocrx_word' id='word_1_158' title='bbox 1948 2837 2101 2888; x_wconf 83' lang='lat' dir='ltr'><strong>fasci—</strong></span> 
     </span>
     <span class='ocr_line' id='line_1_28' title="bbox 241 2937 2099 3005; baseline -0.001 -17"><span class='ocrx_word' id='word_1_159' title='bbox 241 2939 366 2988; x_wconf 82' lang='lat' dir='ltr'><strong>culis</strong></span> <span class='ocrx_word' id='word_1_160' title='bbox 406 2938 613 3003; x_wconf 84' lang='lat' dir='ltr'><strong>pilorum</strong></span> <span class='ocrx_word' id='word_1_161' title='bbox 649 2941 894 3005; x_wconf 84' lang='lat' dir='ltr'><strong>adspersa</strong></span> <span class='ocrx_word' id='word_1_162' title='bbox 934 2955 1077 2999; x_wconf 78' lang='lat' dir='ltr'><strong>esse,</strong></span> <span class='ocrx_word' id='word_1_163' title='bbox 1117 2940 1294 2988; x_wconf 84' lang='lat' dir='ltr'><strong>subtus</strong></span> <span class='ocrx_word' id='word_1_164' title='bbox 1335 2937 1475 2987; x_wconf 83' lang='lat' dir='ltr'><strong>venis</strong></span> <span class='ocrx_word' id='word_1_165' title='bbox 1517 2947 1564 2987; x_wconf 85' lang='lat' dir='ltr'><strong>et</strong></span> <span class='ocrx_word' id='word_1_166' title='bbox 1605 2937 1806 3002; x_wconf 83' lang='lat' dir='ltr'><strong>petiolis</strong></span> <span class='ocrx_word' id='word_1_167' title='bbox 1837 2945 2099 3002; x_wconf 80' lang='lat' dir='ltr'><strong>punctato-</strong></span> 
     </span>
     <span class='ocr_line' id='line_1_29' title="bbox 241 3036 1514 3099; baseline -0.001 -11"><span class='ocrx_word' id='word_1_168' title='bbox 241 3037 564 3099; x_wconf 88' lang='lat' dir='ltr'><strong>tomentosis‚</strong></span> <span class='ocrx_word' id='word_1_169' title='bbox 604 3038 837 3087; x_wconf 84' lang='lat' dir='ltr'><strong>foliorum</strong></span> <span class='ocrx_word' id='word_1_170' title='bbox 881 3036 1151 3089; x_wconf 86' lang='lat' dir='ltr'><strong>serraturis</strong></span> <span class='ocrx_word' id='word_1_171' title='bbox 1193 3036 1514 3087; x_wconf 84' lang='lat' dir='ltr'><strong>murronatis.</strong></span> 
     </span>
     <span class='ocr_line' id='line_1_30' title="bbox 311 3137 835 3196; baseline 0 -9"><span class='ocrx_word' id='word_1_172' title='bbox 311 3137 432 3188; x_wconf 85' lang='grc'><strong>575.</strong></span> <span class='ocrx_word' id='word_1_173' title='bbox 471 3142 538 3186; x_wconf 79' lang='lat' dir='ltr'><strong>V.</strong></span> <span class='ocrx_word' id='word_1_174' title='bbox 577 3141 835 3196; x_wconf 70' lang='lat' dir='ltr'><strong>opulus·</strong></span> 
     </span>
     <span class='ocr_line' id='line_1_31' title="bbox 319 3231 2100 3297; baseline -0.004 -9"><span class='ocrx_word' id='word_1_175' title='bbox 319 3285 322 3288; x_wconf 81' lang='grc'>,</span> <span class='ocrx_word' id='word_1_176' title='bbox 383 3235 435 3284; x_wconf 89' lang='lat' dir='ltr'><strong>lu</strong></span> <span class='ocrx_word' id='word_1_177' title='bbox 477 3235 654 3285; x_wconf 87' lang='lat' dir='ltr'><strong>insulis</strong></span> <span class='ocrx_word' id='word_1_178' title='bbox 695 3235 1064 3297; x_wconf 84' lang='lat' dir='ltr'><strong>dannhialibus,</strong></span> <span class='ocrx_word' id='word_1_179' title='bbox 1104 3233 1322 3285; x_wconf 83' lang='lat' dir='ltr'><strong>vallibus</strong></span> <span class='ocrx_word' id='word_1_180' title='bbox 1363 3231 1609 3282; x_wconf 71' lang='lat' dir='ltr'><strong>silvaticis</strong></span> <span class='ocrx_word' id='word_1_181' title='bbox 1632 3231 1909 3296; x_wconf 82' lang='lat' dir='ltr'><strong>copiosum,</strong></span> <span class='ocrx_word' id='word_1_182' title='bbox 1950 3232 2100 3282; x_wconf 83' lang='lat' dir='ltr'><strong>etium</strong></span> 
     </span>
    </p>
   </div>
   <div class='ocr_carea' id='block_1_6' title="bbox 243 3338 600 3402">
    <p class='ocr_par' dir='ltr' id='par_1_14' title="bbox 243 3338 600 3402">
     <span class='ocr_line' id='line_1_32' title="bbox 243 3338 600 3402; baseline 0.003 -16"><span class='ocrx_word' id='word_1_183' title='bbox 243 3339 291 3387; x_wconf 84' lang='lat' dir='ltr'><strong>in</strong></span> <span class='ocrx_word' id='word_1_184' title='bbox 334 3338 600 3402; x_wconf 75' lang='lat' dir='ltr'><strong>Scepusio.</strong></span> 
     </span>
    </p>
   </div>
  </div>
 </body>
</html>
