2195 3657
1854 190 1976 252 197

220 333 341 386 886.
383 340 455 383 l).
500 337 860 385 nemoralis.

277 432 526 482 Racemus
565 432 738 481 florum
779 442 977 482 nutans.
1028 434 1216 498 Caulis‚
1256 437 1394 499 folia,
1434 437 1659 488 siliculae
1688 440 1976 501 pubescunt,

136 531 282 581 etiam
324 531 547 596 calyces,
602 532 862 594 pedunculi
901 543 1064 582 autem
1105 535 1265 599 glabri
1307 546 1432 586 sunt.
1510 537 1729 602 copiosa
1767 538 1814 588 in
1856 556 1975 604 gra-

134 630 337 681 minosis
377 631 525 680 siccis
566 631 807 682 Pesthini.

217 729 338 780 88'7.
378 733 642 788 'thlaspi
679 745 953 787 praecox
993 730 1188 781 Wulfs?

230 840 241 854 ³
274 828 329 876 In
379 827 545 876 Matra
598 844 750 892 supra
801 828 959 876 molas
1012 846 1108 878 non
1161 830 1327 892 procul
1371 831 1725 898 Gyiingyiisino
1776 837 1974 898 lectum,

131 944 218 990 pro
260 925 321 976 Τ.
364 937 615 976 montano
653 928 890 977 habitum.

214 1029 338 1079 888.
378 1033 445 1075 Τ.
486 1032 860 1076 montanum.

271 1126 321 1174 ln
366 1126 565 1182 Matra,
628 1126 676 1174 in
730 1127 975 1176 montibus
1018 1127 1288 1179 Slavoniae
1340 1130 1447 1193 ipse
1500 1130 1628 1196 legi,
1692 1132 1739 1181 in
1780 1133 1970 1183 Krivan

127 1225 335 1275 Rochel.
449 1226 520 1273 Ad
562 1225 744 1275 Bocam
800 1244 974 1276 versus
1016 1225 1276 1278 Oserhova
1317 1229 1518 1280 Szadba
1555 1231 1604 1280 in
1640 1233 1846 1295 rupibus
1889 1251 1972 1282 co-

128 1325 266 1389 piose
308 1325 663 1388 Wahlenberg.

212 1425 333 1476 889.
374 1430 441 1472 Τ.
483 1427 903 1473 divaricatum
943 1425 1076 1476 mihi.

264 1519 428 1570 Radix
471 1519 660 1568 biennis
688 1521 777 1580 (22),
820 1537 1048 1582 ramosa,
1088 1522 1284 1570 sordide
1327 1523 1526 1587 albens,
1567 1526 1725 1575 4-5
1766 1525 1971 1588 pollices

123 1620 292 1684 longa.
405 1618 589 1670 Caules
642 1637 702 1667 ex
756 1621 926 1670 eadem
990 1622 1153 1670 radice
1209 1623 1376 1686 plures
1417 1625 1567 1673 erecti
1622 1626 1971 1691 declinatique,

123 1718 418 1782 spithamaei
460 1718 806 1782 longini-esve,
846 1721 1060 1781 ramosi,
1101 1722 1352 1785 angulati,
1395 1723 1581 1785 striati,
1625 1726 1967 1787 pubescentes.

125 1817 263 1867 Folia
319 1817 669 1881 pubescentia,
730 1819 937 1878 scabra,
995 1827 1178 1879 acuta,
1234 1819 1470 1869 inferiora
1526 1822 1673 1885 longe
1730 1821 1967 1884 petiolata

122 1918 508 1983 profundissime
550 1917 865 1981 pinnatifida‚
910 1918 1102 1969 laciniis
1144 1920 1464 1981 lanceolatis,
1514 1921 1707 1982 acutis,
1747 1923 1968 1987 margine

123 2018 359 2068 inferiore
399 2018 765 2081 integerrimis,
826 2019 1084 2081 superiore
1139 2020 1477 2081 subdentatis,
1540 2021 1724 2071 extima
1763 2021 1970 2087 majora,

124 2118 563 2183 oblongo—ovata,
603 2119 833 2177 dentata3
875 2120 1138 2183 superiora
1178 2120 1411 2182 sessilia,
1451 2122 1722 2185 sagittata,
1766 2123 1968 2171 lanceo-

125 2218 253 2278 lata,
295 2233 449 2279 pauca
494 2219 723 2277 dentata,
767 2217 1002 2283 pleraque
1039 2218 1380 2284 integerrima.
1434 2219 1611 2268 Petioli
1655 2220 1969 2284 planiuscnli,

124 2316 406 2381 marginati.
519 2316 696 2365 Flores
748 2326 798 2365 ut
860 2317 906 2366 in
969 2318 1333 2383 congeneribus
1400 2320 1605 2383 primum
1672 2322 1969 2387 corymbosi,

125 2417 358 2483 corymbo
400 2417 594 2466 demum
634 2434 740 2465 cum
782 2417 943 2466 fructu
984 2418 1032 2467 in
1060 2434 1330 2480 racemum,
1368 2421 1657 2485 quandoque
1700 2421 1969 2483 palmarem

125 2514 553 2577 spithamaeumve
623 2514 900 2578 elongando
966 2515 1241 2578 pedunculo
1313 2516 1554 2566 communi
1618 2517 1967 2581 pedicellisque

124 2612 315 2676 glabris
355 2629 465 2661 cum
505 2611 665 2661 fructu
705 2613 1083 2663 horizontaliter
1141 2615 1443 2678 patentibus.
1528 2615 1741 2682 Calyces
1791 2615 1970 2681 glabri,

126 2711 328 2773 caduci,
367 2711 551 2776 phyllis
591 2713 937 2775 snbrotundis,
979 2714 1518 2778 albido-marginatis,
1558 2715 1807 2764 concavis.
1869 2714 1966 2763 Pe-

127 2810 229 2861 tala
283 2810 513 2859 candida.
591 2811 818 2861 Stamina
870 2849 880 2860 .
928 2849 939 2863 .
981 2850 989 2859 .
1034 2852 1044 2862 .
1124 2814 1339 2863 Germen
1392 2814 1966 2865 subrotundo—ovatum.

127 2909 299 2975 Stylus
338 2909 663 2960 brevissimus
689 2949 700 2971 ,
742 2911 1042 2975 persistens3
1083 2913 1266 2977 stigma
1307 2915 1549 2963 obtusum.
1612 2913 1821 2963 Silicula
1848 2930 1966 2963 ova-

127 3009 223 3071 lis,
274 3009 416 3074 apice
459 3026 724 3074 perparum
765 3012 1078 3077 emarginata
1119 3013 1257 3077 (talis
1297 3015 1474 3063 saltem
1515 3023 1621 3064 erat
1659 3013 1967 3079 immatura).

127 3110 169 3158 A
209 3108 270 3158 L.
311 3108 426 3160 Bar.
469 3108 674 3176 Splenyi
717 3127 740 3159 e
768 3110 876 3176 De'g
916 3112 991 3160 vel
1018 3111 1169 3162 Cottu*
1199 3113 1545 3178 Si'uneghiensi
1581 3112 1734 3163 allata
1756 3113 1963 3176 species.

213 3206 338 3258 890.
378 3211 685 3268 Hesperis
723 3214 1134 3261 matronalis.-

271 3307 364 3356 Pro
406 3308 649 3358 varietate
689 3310 838 3375 hujus
876 3311 1026 3360 habet
1067 3311 1412 3373 Wahlenberg
1447 3310 1581 3360 illam
1623 3308 1797 3372 petalis
1836 3308 1963 3358 albis

131 3425 156 3457 e
194 3406 359 3459 Choes
398 3408 611 3474 aliisque
651 3409 774 3460 locis
816 3410 1059 3474 carpathi.
