2195 3657
1856 169 1982 230 295

149 324 600 381 purpurascentem,
656 318 877 379 dilatati,
931 319 1044 382 pilis
1082 320 1245 383 longis
1285 320 1454 370 ciliati.
1565 318 1777 368 Caulina
1809 335 1985 381 pauca,

149 417 365 468 breviter
405 417 676 481 petiolata,
734 418 985 481 patentia,
1052 435 1195 467 uuum
1244 419 1293 467 in
1351 418 1506 468 medio
1550 418 1737 479 caulis,
1793 417 1984 482 reliqua

149 516 210 564 ad
252 515 521 565 divisiones
567 515 787 579 ejusdem
840 525 886 564 ct
937 518 996 565 ad
1042 516 1344 580 pedunculos
1385 517 1509 578 sita,
1573 516 1855 566 successive
1895 516 1986 564 mi-

147 630 300 678 nora,
339 614 547 675 triloba,
586 612 1014 675 inciso-dentata,
1055 615 1284 664 dentibus
1325 615 1738 666 fuscescentibus.
1814 615 1986 679 Stipu-

147 714 226 763 lae
281 713 421 764 basin
480 714 771 777 petiolorum
832 714 1140 763 caulinornm
1214 714 1457 778 stipantes
1524 715 1798 780 oblongae,
1858 715 1986 763 inte-

148 813 425 878 gerrimae,
495 796 636 876 apice
689 812 914 861 dentibus
977 812 1207 861 foliorum
1258 813 1472 875 similes,
1536 813 1725 877 pilosae
1778 824 1825 862 et
1874 813 1986 876 pilis

148 912 459 977 longioribus
499 912 712 961 ciliatae.
794 911 1192 961 infloresceutia:
1235 911 1389 962 caulis
1428 912 1658 963 dividitur
1696 912 1901 977 primum
1938 914 1987 961 in

146 1029 313 1062 ramos
354 1014 478 1061 duos
518 1011 838 1077 inaequales,
879 1028 1083 1075 quorum
1125 1012 1336 1073 brevior,
1376 1011 1458 1060 vix
1485 1012 1712 1076 pollicem
1750 1028 1987 1076 aequans,

147 1112 424 1160 declinatur
464 1119 510 1159 et
551 1110 717 1160 folium
762 1111 956 1159 unicum
996 1110 1150 1175 gerit,
1217 1111 1291 1158 cui
1337 1111 1601 1175 opponitur
1640 1110 1730 1159 flos
1773 1110 1988 1158 breviter

149 1212 537 1275 pedunculatus,
598 1210 872 1275 pedunculo
925 1210 1127 1276 aphyllo
1185 1213 1245 1260 ad
1304 1211 1539 1276 angulum
1598 1226 1749 1274 prope
1798 1218 1988 1260 rectum

146 1313 451 1376 prodeunte,
493 1312 621 1360 inter
661 1327 801 1376 quem
839 1317 885 1359 et
924 1310 1094 1359 folium
1139 1311 1390 1360 enascitur
1430 1310 1734 1376 pedunculus
1773 1310 1988 1375 longior,

147 1407 266 1456 uni—
317 1415 400 1456 aut
452 1407 684 1468 biflorus,
745 1405 960 1455 bracteis
1016 1405 1140 1454 binis
1204 1405 1410 1455 unicave
1463 1405 1765 1467 instructus,
1822 1422 1987 1455 ramus

147 1512 309 1554 autem
350 1505 545 1569 longior
584 1505 688 1553 fere
730 1512 866 1553 recta
902 1504 1134 1568 prodiens
1175 1506 1235 1553 ad
1277 1503 1567 1553 divisionem
1606 1504 1735 1569 gerit
1773 1504 1988 1567 plerum·

148 1622 238 1670 que
279 1605 394 1654 bina
435 1604 557 1653 folia
596 1612 642 1652 et
683 1612 850 1654 ternos
890 1603 1214 1652 communiter
1266 1603 1444 1666 promit
1495 1602 1826 1668 pedunculos:
1885 1619 1988 1651 me-

149 1705 278 1753 dium
318 1703 621 1766 breviorem,
664 1705 1027 1765 ebracteatum,
1080 1702 1368 1762 uniflorum3
1421 1710 1467 1752 et
1508 1703 1648 1751 binos
1690 1703 1990 1764 bracteatos‚

147 1804 356 1855 alterum
401 1804 686 1869 plerumque
731 1804 878 1865 uni·,
929 1804 1139 1854 alterum
1194 1803 1433 1853 biflorum.
1507 1803 1685 1851 Flores
1737 1810 1849 1852 ante
1901 1820 1990 1850 an-

150 1904 312 1953 thesin
351 1911 612 1966 nutantes,
653 1904 764 1952 «lein
802 1903 1156 1953 horizontales.
1267 1902 1508 1952 Bracteae
1549 1902 1747 1966 stipulis
1786 1901 1991 1966 similes,

149 2005 235 2053 sed
277 2004 566 2069 plerumque
609 2003 755 2068 paulo
799 2003 1076 2068 longiores.
1155 2002 1318 2068 Calyx
1357 2001 1680 2063 decemfidus‚
1720 2017 1990 2066 campanu-

149 2103 308 2168 latus,
372 2104 689 2169 subpilosus,
754 2106 922 2153 decem
973 2102 1118 2152 lineis
1171 2102 1495 2151 eminentibus
1544 2102 1594 2150 in
1641 2100 1851 2152 lacinias
1901 2117 1990 2149 ex-

150 2204 461 2253 currentibus
503 2204 791 2254 distinctus:
833 2203 1025 2253 laciniis
1068 2203 1380 2267 patentibus,
1419 2200 1808 2262 obtusiusculis,
1847 2200 1989 2264 apice
2048 2209 2054 2213 ’

152 2306 438 2369 plerumque
496 2305 679 2366 fusciS,
754 2303 960 2354 alternis
1020 2302 1322 2368 majoribuS,
1392 2299 1717 2362 lanceolatiS,
1782 2299 1990 2350 alternis

150 2403 438 2454 linearibus,
479 2402 654 2454 Petala
683 2403 913 2468 quinque,
953 2402 1174 2469 calycem
1210 2401 1519 2462 excedentia,
1560 2399 1800 2463 patentia,
1837 2398 1991 2462 lutea,

150 2503 332 2566 nitida,
399 2504 506 2569 J'am
556 2505 861 2553 subrotunda
908 2502 1256 2569 integerrima,
1306 2502 1411 2567 J‘am
1468 2507 1616 2551 ovata
1669 2500 1994 2549 subtruucata

150 2612 237 2654 ant
292 2603 517 2653 nonnihil
569 2602 908 2667 emarginata,
974 2601 1133 2667 calyci
1182 2602 1312 2650 intra
1361 2600 1572 2650 lacinias
1612 2598 1864 2649 breviores
1914 2598 1991 2646 in-

154 2711 318 2765 serta,
361 2704 669 2768 marginibus
713 2704 894 2753 baseos
933 2700 1157 2762 inflexis,
1198 2708 1248 2749 ut
1286 2701 1337 2749 in
1377 2700 1666 2766 quibusdam
1706 2698 1988 2748 Ranunculi

152 2803 445 2867 speciebus,
507 2818 722 2866 unguem
779 2800 1120 2850 brevissimum
1161 2799 1512 2862 formantibus,
1572 2806 1682 2861 post
1721 2798 1992 2846 florescen-

154 2900 273 2950 tiam
312 2899 534 2949 decidua.
624 2896 850 2947 Stamina
889 2913 1185 2958 numerosa,
1233 2913 1263 2946 a
1300 2895 1369 2946 30
1407 2897 1467 2946 ad
1505 2895 1601 2956 40,
1651 2893 1839 2943 corolla
1877 2895 1991 2942 bre-

155 2999 323 3061 viora,
373 2998 530 3048 flava:
581 2996 834 3046 filamenta
872 2996 1090 3053 filiformi
1114 2995 1409 3056 ·subulata,
1459 2994 1644 3060 calycis
1681 2993 1825 3044 lateri
1864 2992 1990 3042 inte-

154 3098 271 3149 riori
311 3098 440 3148 infra
478 3097 646 3162 petala
684 3097 902 3156 inserta3
942 3096 1181 3146 antherae
1224 3102 1429 3157 ovatae,
1479 3111 1567 3159 per
1603 3093 1814 3144 medium
1853 3092 1988 3142 sulco

156 3206 461 3259 excavatae,
512 3195 794 3245 versatiles·
900 3194 1095 3245 Pistilla
1135 3193 1274 3256 bina,
1324 3209 1437 3243 raro
1479 3199 1647 3254 terna,
1696 3189 1986 3241 brevissime

156 3297 482 3363 pedicellata:
523 3295 826 3360 germinibus
866 3294 1118 3355 obovatis,
1158 3293 1424 3354 subnudis,
1463 3307 1674 3354 superne
1715 3291 1988 3354 pubescen-

159 3398 318 3457 tibus;
367 3395 511 3462 stylis
553 3395 784 3457 totidem,
834 3393 1176 3454 filiformibus,
1233 3392 1421 3441 inferne
1463 3400 1622 3441 tamen
1663 3389 1808 3453 paulo
1847 3403 1984 3438 cras-
