<?xml version="1.0" encoding="UTF-8"?>
<!DOCTYPE html PUBLIC "-//W3C//DTD XHTML 1.0 Transitional//EN"
    "http://www.w3.org/TR/xhtml1/DTD/xhtml1-transitional.dtd">
<html xmlns="http://www.w3.org/1999/xhtml" xml:lang="en" lang="en">
 <head>
  <title>
</title>
<meta http-equiv="Content-Type" content="text/html;charset=utf-8" />
  <meta name='ocr-system' content='tesseract 3.04.00' />
  <meta name='ocr-capabilities' content='ocr_page ocr_carea ocr_par ocr_line ocrx_word'/>
</head>
<body>
  <div class='ocr_page' id='page_1' title='image "./additamentaadflo00kita_0071.png"; bbox 0 0 2195 3657; ppageno 0'>
   <div class='ocr_carea' id='block_1_1' title="bbox 1832 118 1915 179">
    <p class='ocr_par' dir='ltr' id='par_1_1' title="bbox 1832 118 1915 179">
     <span class='ocr_line' id='line_1_1' title="bbox 1832 118 1915 179; baseline 0.012 -1"><span class='ocrx_word' id='word_1_1' title='bbox 1832 118 1915 179; x_wconf 84' lang='lat'><strong>65</strong></span> 
     </span>
    </p>
   </div>
   <div class='ocr_carea' id='block_1_2' title="bbox 76 248 1918 600">
    <p class='ocr_par' dir='ltr' id='par_1_2' title="bbox 76 248 1918 600">
     <span class='ocr_line' id='line_1_2' title="bbox 76 248 1914 330; baseline 0.01 -32"><span class='ocrx_word' id='word_1_2' title='bbox 76 249 326 298; x_wconf 72' lang='lat' dir='ltr'><strong>Maukseb</strong></span> <span class='ocrx_word' id='word_1_3' title='bbox 368 248 414 296; x_wconf 89' lang='lat' dir='ltr'><strong>in</strong></span> <span class='ocrx_word' id='word_1_4' title='bbox 456 257 613 297; x_wconf 79' lang='lat' dir='ltr'><strong>mente</strong></span> <span class='ocrx_word' id='word_1_5' title='bbox 655 249 908 305; x_wconf 82' lang='lat' dir='ltr'><strong>ealeinoso</strong></span> <span class='ocrx_word' id='word_1_6' title='bbox 951 253 1211 303; x_wconf 83' lang='lat' dir='ltr'><strong>Szmolnik</strong></span> <span class='ocrx_word' id='word_1_7' title='bbox 1251 255 1572 323; x_wconf 78' lang='lat' dir='ltr'><strong>Tiiplicensi,</strong></span> <span class='ocrx_word' id='word_1_8' title='bbox 1629 266 1689 313; x_wconf 91' lang='lat' dir='ltr'><strong>ad</strong></span> <span class='ocrx_word' id='word_1_9' title='bbox 1732 265 1914 330; x_wconf 83' lang='lat' dir='ltr'><strong>Csaba‚</strong></span> 
     </span>
     <span class='ocr_line' id='line_1_3' title="bbox 78 346 1915 441; baseline 0.011 -49"><span class='ocrx_word' id='word_1_10' title='bbox 78 347 223 395; x_wconf 76' lang='lat' dir='ltr'><strong>etiam</strong></span> <span class='ocrx_word' id='word_1_11' title='bbox 283 347 410 394; x_wconf 73' lang='lat' dir='ltr'><strong>inter</strong></span> <span class='ocrx_word' id='word_1_12' title='bbox 449 346 842 396; x_wconf 72' lang='lat' dir='ltr'><strong>promontorium</strong></span> <span class='ocrx_word' id='word_1_13' title='bbox 903 358 949 398; x_wconf 86' lang='lat' dir='ltr'><strong>et</strong></span> <span class='ocrx_word' id='word_1_14' title='bbox 991 351 1184 416; x_wconf 73' lang='lat' dir='ltr'><strong>&#39;Peteny</strong></span> <span class='ocrx_word' id='word_1_15' title='bbox 1232 353 1280 401; x_wconf 89' lang='lat' dir='ltr'><strong>in</strong></span> <span class='ocrx_word' id='word_1_16' title='bbox 1332 366 1495 405; x_wconf 88' lang='lat' dir='ltr'><strong>monte</strong></span> <span class='ocrx_word' id='word_1_17' title='bbox 1551 376 1676 423; x_wconf 85' lang='lat' dir='ltr'><strong>pone</strong></span> <span class='ocrx_word' id='word_1_18' title='bbox 1717 365 1915 441; x_wconf 79' lang='lat' dir='ltr'><strong>vineas3</strong></span> 
     </span>
     <span class='ocr_line' id='line_1_4' title="bbox 76 439 1915 510; baseline 0.013 -24"><span class='ocrx_word' id='word_1_19' title='bbox 76 441 136 486; x_wconf 86' lang='lat' dir='ltr'><strong>ad</strong></span> <span class='ocrx_word' id='word_1_20' title='bbox 176 439 401 487; x_wconf 78' lang='lat' dir='ltr'><strong>Palotum</strong></span> <span class='ocrx_word' id='word_1_21' title='bbox 444 439 488 486; x_wconf 92' lang='lat' dir='ltr'><strong>in</strong></span> <span class='ocrx_word' id='word_1_22' title='bbox 530 439 768 502; x_wconf 81' lang='lat' dir='ltr'><strong>lapidosis</strong></span> <span class='ocrx_word' id='word_1_23' title='bbox 812 442 965 505; x_wconf 54' lang='lat' dir='ltr'><strong>calta,</strong></span> <span class='ocrx_word' id='word_1_24' title='bbox 1012 446 1072 493; x_wconf 87' lang='lat' dir='ltr'><strong>ad</strong></span> <span class='ocrx_word' id='word_1_25' title='bbox 1114 445 1198 495; x_wconf 87' lang='lat' dir='ltr'><strong>Sz.</strong></span> <span class='ocrx_word' id='word_1_26' title='bbox 1238 446 1421 497; x_wconf 57' lang='lat' dir='ltr'><strong>Laiszlo&#39;</strong></span> <span class='ocrx_word' id='word_1_27' title='bbox 1463 451 1509 500; x_wconf 89' lang='lat' dir='ltr'><strong>in</strong></span> <span class='ocrx_word' id='word_1_28' title='bbox 1550 458 1776 507; x_wconf 81' lang='lat' dir='ltr'><strong>arenosis</strong></span> <span class='ocrx_word' id='word_1_29' title='bbox 1815 477 1915 510; x_wconf 76' lang='lat' dir='ltr'><strong>see.</strong></span> 
     </span>
     <span class='ocr_line' id='line_1_5' title="bbox 78 531 1918 600; baseline 0.011 -20"><span class='ocrx_word' id='word_1_30' title='bbox 78 532 247 580; x_wconf 83' lang='lat' dir='ltr'><strong>Horhi.</strong></span> <span class='ocrx_word' id='word_1_31' title='bbox 336 531 538 580; x_wconf 89' lang='lat' dir='ltr'><strong>Clusius</strong></span> <span class='ocrx_word' id='word_1_32' title='bbox 579 548 685 581; x_wconf 78' lang='lat' dir='ltr'><strong>eain</strong></span> <span class='ocrx_word' id='word_1_33' title='bbox 726 533 774 582; x_wconf 89' lang='lat' dir='ltr'><strong>in</strong></span> <span class='ocrx_word' id='word_1_34' title='bbox 814 534 953 584; x_wconf 85' lang='lat' dir='ltr'><strong>silvis</strong></span> <span class='ocrx_word' id='word_1_35' title='bbox 996 536 1200 586; x_wconf 75' lang='lat' dir='ltr'>editiore</span> <span class='ocrx_word' id='word_1_36' title='bbox 1254 534 1362 590; x_wconf 80' lang='lat' dir='ltr'><strong>loeo</strong></span> <span class='ocrx_word' id='word_1_37' title='bbox 1405 542 1511 593; x_wconf 88' lang='lat' dir='ltr'><strong>sitis</strong></span> <span class='ocrx_word' id='word_1_38' title='bbox 1551 546 1683 597; x_wconf 80' lang='lat' dir='ltr'><strong>ultra</strong></span> <span class='ocrx_word' id='word_1_39' title='bbox 1723 550 1918 600; x_wconf 82' lang='lat' dir='ltr'><strong>Arabo-—</strong></span> 
     </span>
    </p>
   </div>
   <div class='ocr_carea' id='block_1_3' title="bbox 77 629 562 679">
    <p class='ocr_par' dir='ltr' id='par_1_3' title="bbox 77 629 562 679">
     <span class='ocr_line' id='line_1_6' title="bbox 77 629 562 679; baseline 0 -2"><span class='ocrx_word' id='word_1_40' title='bbox 77 647 186 678; x_wconf 81' lang='lat' dir='ltr'><strong>nem</strong></span> <span class='ocrx_word' id='word_1_41' title='bbox 228 629 361 679; x_wconf 78' lang='lat' dir='ltr'><strong>nasei</strong></span> <span class='ocrx_word' id='word_1_42' title='bbox 404 638 562 677; x_wconf 80' lang='lat' dir='ltr'><strong>notat.</strong></span> 
     </span>
    </p>
   </div>
   <div class='ocr_carea' id='block_1_4' title="bbox 146 791 1326 954">
    <p class='ocr_par' dir='ltr' id='par_1_4' title="bbox 146 791 1326 954">
     <span class='ocr_line' id='line_1_7' title="bbox 660 791 1326 861; baseline 0.015 -10"><span class='ocrx_word' id='word_1_43' title='bbox 660 791 1326 861; x_wconf 78' lang='lat' dir='ltr'><strong>Aristolochieae.</strong></span> 
     </span>
     <span class='ocr_line' id='line_1_8' title="bbox 146 894 1021 954; baseline 0.001 -10"><span class='ocrx_word' id='word_1_44' title='bbox 146 894 267 944; x_wconf 85' lang='grc'><strong>263.</strong></span> <span class='ocrx_word' id='word_1_45' title='bbox 307 899 583 943; x_wconf 75' lang='lat' dir='ltr'><strong>Asarum</strong></span> <span class='ocrx_word' id='word_1_46' title='bbox 621 911 1021 954; x_wconf 81' lang='lat' dir='ltr'><strong>europaeum.</strong></span> 
     </span>
    </p>
   </div>
   <div class='ocr_carea' id='block_1_5' title="bbox 218 994 1917 1075">
    <p class='ocr_par' dir='ltr' id='par_1_5' title="bbox 218 994 1917 1075">
     <span class='ocr_line' id='line_1_9' title="bbox 218 994 1917 1075; baseline 0.009 -35"><span class='ocrx_word' id='word_1_47' title='bbox 218 994 268 1041; x_wconf 91' lang='lat' dir='ltr'><strong>ln</strong></span> <span class='ocrx_word' id='word_1_48' title='bbox 310 994 591 1043; x_wconf 85' lang='lat' dir='ltr'><strong>nemoribus</strong></span> <span class='ocrx_word' id='word_1_49' title='bbox 632 994 953 1059; x_wconf 80' lang='lat' dir='ltr'><strong>Huugariae,</strong></span> <span class='ocrx_word' id='word_1_50' title='bbox 1016 998 1229 1062; x_wconf 68' lang='lat' dir='ltr'><strong>Syrmfi,</strong></span> <span class='ocrx_word' id='word_1_51' title='bbox 1287 998 1537 1053; x_wconf 73' lang='lat' dir='ltr'><strong>croatiae.</strong></span> <span class='ocrx_word' id='word_1_52' title='bbox 1623 1006 1767 1059; x_wconf 87' lang='lat' dir='ltr'><strong>Folia</strong></span> <span class='ocrx_word' id='word_1_53' title='bbox 1807 1012 1917 1075; x_wconf 81' lang='lat' dir='ltr'><strong>plus</strong></span> 
     </span>
    </p>
   </div>
   <div class='ocr_carea' id='block_1_6' title="bbox 79 1092 1917 1170">
    <p class='ocr_par' dir='ltr' id='par_1_6' title="bbox 79 1092 1917 1170">
     <span class='ocr_line' id='line_1_10' title="bbox 79 1092 1917 1170; baseline 0.011 -31"><span class='ocrx_word' id='word_1_54' title='bbox 79 1092 238 1140; x_wconf 85' lang='lat' dir='ltr'><strong>minus</strong></span> <span class='ocrx_word' id='word_1_55' title='bbox 280 1093 553 1154; x_wconf 72' lang='lat' dir='ltr'><strong>pubescunt</strong></span> <span class='ocrx_word' id='word_1_56' title='bbox 605 1093 717 1156; x_wconf 84' lang='lat' dir='ltr'><strong>pilis</strong></span> <span class='ocrx_word' id='word_1_57' title='bbox 769 1095 1000 1145; x_wconf 81' lang='lat' dir='ltr'><strong>brevibus</strong></span> <span class='ocrx_word' id='word_1_58' title='bbox 1050 1098 1338 1161; x_wconf 77' lang='lat' dir='ltr'><strong>appressis,</strong></span> <span class='ocrx_word' id='word_1_59' title='bbox 1391 1102 1560 1164; x_wconf 84' lang='lat' dir='ltr'><strong>petioli</strong></span> <span class='ocrx_word' id='word_1_60' title='bbox 1603 1105 1794 1170; x_wconf 79' lang='lat' dir='ltr'><strong>villosi,</strong></span> <span class='ocrx_word' id='word_1_61' title='bbox 1843 1110 1917 1160; x_wconf 88' lang='lat' dir='ltr'><strong>la-</strong></span> 
     </span>
    </p>
   </div>
   <div class='ocr_carea' id='block_1_7' title="bbox 78 1189 258 1239">
    <p class='ocr_par' dir='ltr' id='par_1_7' title="bbox 78 1189 258 1239">
     <span class='ocr_line' id='line_1_11' title="bbox 78 1189 258 1239; baseline -0.006 -2"><span class='ocrx_word' id='word_1_62' title='bbox 78 1189 258 1239; x_wconf 87' lang='lat' dir='ltr'><strong>native.</strong></span> 
     </span>
    </p>
   </div>
   <div class='ocr_carea' id='block_1_8' title="bbox 146 1316 1332 1464">
    <p class='ocr_par' dir='ltr' id='par_1_8' title="bbox 146 1316 1332 1464">
     <span class='ocr_line' id='line_1_12' title="bbox 667 1316 1332 1392; baseline 0.012 -21"><span class='ocrx_word' id='word_1_63' title='bbox 667 1316 1332 1392; x_wconf 80' lang='lat' dir='ltr'><strong>Plumbagineae.</strong></span> 
     </span>
     <span class='ocr_line' id='line_1_13' title="bbox 146 1413 871 1464; baseline 0.001 -1"><span class='ocrx_word' id='word_1_64' title='bbox 146 1413 268 1463; x_wconf 80' lang='grc'><strong>264.</strong></span> <span class='ocrx_word' id='word_1_65' title='bbox 309 1415 549 1462; x_wconf 77' lang='lat' dir='ltr'><strong>statice</strong></span> <span class='ocrx_word' id='word_1_66' title='bbox 588 1418 871 1464; x_wconf 65' lang='lat' dir='ltr'><strong>amelini.</strong></span> 
     </span>
    </p>
   </div>
   <div class='ocr_carea' id='block_1_9' title="bbox 218 1507 1917 1588">
    <p class='ocr_par' dir='ltr' id='par_1_9' title="bbox 218 1507 1917 1588">
     <span class='ocr_line' id='line_1_14' title="bbox 218 1507 1917 1588; baseline 0.012 -33"><span class='ocrx_word' id='word_1_67' title='bbox 218 1507 515 1557; x_wconf 75' lang='lat' dir='ltr'><strong>Willdenow</strong></span> <span class='ocrx_word' id='word_1_68' title='bbox 561 1527 648 1572; x_wconf 85' lang='lat' dir='ltr'><strong>pro</strong></span> <span class='ocrx_word' id='word_1_69' title='bbox 690 1510 783 1559; x_wconf 84' lang='lat' dir='ltr'><strong>hae</strong></span> <span class='ocrx_word' id='word_1_70' title='bbox 823 1513 991 1564; x_wconf 85' lang='lat' dir='ltr'><strong>habet.</strong></span> <span class='ocrx_word' id='word_1_71' title='bbox 1066 1515 1122 1563; x_wconf 90' lang='lat' dir='ltr'><strong>In</strong></span> <span class='ocrx_word' id='word_1_72' title='bbox 1161 1515 1312 1566; x_wconf 81' lang='lat' dir='ltr'><strong>salsis</strong></span> <span class='ocrx_word' id='word_1_73' title='bbox 1366 1528 1412 1567; x_wconf 92' lang='lat' dir='ltr'><strong>et</strong></span> <span class='ocrx_word' id='word_1_74' title='bbox 1468 1522 1713 1573; x_wconf 88' lang='lat' dir='ltr'><strong>subsalsis</strong></span> <span class='ocrx_word' id='word_1_75' title='bbox 1755 1525 1917 1588; x_wconf 85' lang='lat' dir='ltr'><strong>plani-</strong></span> 
     </span>
    </p>
   </div>
   <div class='ocr_carea' id='block_1_10' title="bbox 81 1604 766 1672">
    <p class='ocr_par' dir='ltr' id='par_1_10' title="bbox 81 1604 766 1672">
     <span class='ocr_line' id='line_1_15' title="bbox 81 1604 766 1672; baseline 0.004 -20"><span class='ocrx_word' id='word_1_76' title='bbox 81 1604 161 1652; x_wconf 83' lang='lat' dir='ltr'><strong>tiei</strong></span> <span class='ocrx_word' id='word_1_77' title='bbox 204 1605 404 1670; x_wconf 75' lang='lat' dir='ltr'><strong>majoris</strong></span> <span class='ocrx_word' id='word_1_78' title='bbox 444 1607 766 1672; x_wconf 70' lang='lat' dir='ltr'>hungaricae.</span> 
     </span>
    </p>
   </div>
   <div class='ocr_carea' id='block_1_11' title="bbox 147 1760 1275 1911">
    <p class='ocr_par' dir='ltr' id='par_1_11' title="bbox 147 1760 1275 1911">
     <span class='ocr_line' id='line_1_16' title="bbox 714 1760 1275 1821; baseline 0.005 -3"><span class='ocrx_word' id='word_1_79' title='bbox 714 1760 1275 1821; x_wconf 79' lang='lat' dir='ltr'><strong>Valerianeae.</strong></span> 
     </span>
     <span class='ocr_line' id='line_1_17' title="bbox 147 1860 999 1911; baseline 0.004 -3"><span class='ocrx_word' id='word_1_80' title='bbox 147 1860 269 1908; x_wconf 82' lang='grc'><strong>265.</strong></span> <span class='ocrx_word' id='word_1_81' title='bbox 308 1862 652 1908; x_wconf 80' lang='lat' dir='ltr'><strong>Valeriana</strong></span> <span class='ocrx_word' id='word_1_82' title='bbox 686 1865 999 1911; x_wconf 77' lang='lat' dir='ltr'><strong>montana.</strong></span> 
     </span>
    </p>
   </div>
   <div class='ocr_carea' id='block_1_12' title="bbox 78 1954 1920 2127">
    <p class='ocr_par' dir='ltr' id='par_1_12' title="bbox 78 1954 1920 2127">
     <span class='ocr_line' id='line_1_18' title="bbox 219 1954 1920 2033; baseline 0.009 -29"><span class='ocrx_word' id='word_1_83' title='bbox 219 1957 484 2006; x_wconf 88' lang='lat' dir='ltr'><strong>Loiseleur</strong></span> <span class='ocrx_word' id='word_1_84' title='bbox 523 1954 882 2008; x_wconf 73' lang='lat' dir='ltr'><em>Valerianum</em></span> <span class='ocrx_word' id='word_1_85' title='bbox 921 1961 1204 2010; x_wconf 80' lang='lat' dir='ltr'><strong>observavit</strong></span> <span class='ocrx_word' id='word_1_86' title='bbox 1244 1964 1289 2011; x_wconf 90' lang='lat' dir='ltr'><strong>in</strong></span> <span class='ocrx_word' id='word_1_87' title='bbox 1332 1963 1606 2030; x_wconf 76' lang='lat' dir='ltr'><strong>Pyrenaeis</strong></span> <span class='ocrx_word' id='word_1_88' title='bbox 1647 1986 1789 2033; x_wconf 87' lang='lat' dir='ltr'><strong>quam</strong></span> <span class='ocrx_word' id='word_1_89' title='bbox 1829 1971 1920 2020; x_wconf 75' lang='lat' dir='ltr'><strong>he-</strong></span> 
     </span>
     <span class='ocr_line' id='line_1_19' title="bbox 78 2046 1919 2127; baseline 0.016 -36"><span class='ocrx_word' id='word_1_90' title='bbox 78 2046 439 2122; x_wconf 55' lang='lat' dir='ltr'><strong>terophyllam</strong></span> <span class='ocrx_word' id='word_1_91' title='bbox 477 2055 627 2118; x_wconf 79' lang='lat' dir='ltr'><strong>dixit,</strong></span> <span class='ocrx_word' id='word_1_92' title='bbox 688 2063 734 2104; x_wconf 86' lang='lat' dir='ltr'><strong>et</strong></span> <span class='ocrx_word' id='word_1_93' title='bbox 774 2056 822 2105; x_wconf 91' lang='lat' dir='ltr'><strong>in</strong></span> <span class='ocrx_word' id='word_1_94' title='bbox 861 2057 939 2107; x_wconf 90' lang='lat' dir='ltr'><strong>Fl.</strong></span> <span class='ocrx_word' id='word_1_95' title='bbox 980 2057 1166 2122; x_wconf 81' lang='lat' dir='ltr'><strong>gallica</strong></span> <span class='ocrx_word' id='word_1_96' title='bbox 1220 2069 1253 2108; x_wconf 82' lang='lat' dir='ltr'><strong>t.</strong></span> <span class='ocrx_word' id='word_1_97' title='bbox 1294 2063 1344 2111; x_wconf 84' lang='grc'><strong>2.</strong></span> <span class='ocrx_word' id='word_1_98' title='bbox 1397 2063 1641 2127; x_wconf 80' lang='lat' dir='ltr'><strong>depictam</strong></span> <span class='ocrx_word' id='word_1_99' title='bbox 1680 2070 1919 2121; x_wconf 85' lang='lat' dir='ltr'><strong>exhibuit.</strong></span> 
     </span>
    </p>
   </div>
   <div class='ocr_carea' id='block_1_13' title="bbox 81 2156 1760 2228">
    <p class='ocr_par' dir='ltr' id='par_1_13' title="bbox 81 2156 1760 2228">
     <span class='ocr_line' id='line_1_20' title="bbox 81 2156 1760 2228; baseline 0.008 -22"><span class='ocrx_word' id='word_1_100' title='bbox 81 2156 204 2206; x_wconf 88' lang='lat' dir='ltr'><strong>Cum</strong></span> <span class='ocrx_word' id='word_1_101' title='bbox 244 2158 338 2206; x_wconf 85' lang='lat' dir='ltr'><strong>hae</strong></span> <span class='ocrx_word' id='word_1_102' title='bbox 378 2157 708 2206; x_wconf 80' lang='lat' dir='ltr'><strong>conserendae</strong></span> <span class='ocrx_word' id='word_1_103' title='bbox 750 2168 862 2207; x_wconf 87' lang='lat' dir='ltr'><strong>sunt</strong></span> <span class='ocrx_word' id='word_1_104' title='bbox 904 2160 1174 2210; x_wconf 82' lang='lat' dir='ltr'><strong>varietates</strong></span> <span class='ocrx_word' id='word_1_105' title='bbox 1216 2178 1240 2208; x_wconf 84' lang='lat' dir='ltr'><strong>e</strong></span> <span class='ocrx_word' id='word_1_106' title='bbox 1283 2161 1500 2228; x_wconf 76' lang='lat' dir='ltr'><strong>Carpato</strong></span> <span class='ocrx_word' id='word_1_107' title='bbox 1543 2168 1760 2220; x_wconf 79' lang='lat' dir='ltr'><strong>adlatae.</strong></span> 
     </span>
    </p>
   </div>
   <div class='ocr_carea' id='block_1_14' title="bbox 153 2314 1241 2462">
    <p class='ocr_par' dir='ltr' id='par_1_14' title="bbox 153 2314 1241 2462">
     <span class='ocr_line' id='line_1_21' title="bbox 772 2314 1241 2381; baseline 0.009 -14"><span class='ocrx_word' id='word_1_108' title='bbox 772 2314 1241 2381; x_wconf 77' lang='lat' dir='ltr'><strong>Dipsaeeae.</strong></span> 
     </span>
     <span class='ocr_line' id='line_1_22' title="bbox 153 2388 950 2462; baseline 0.004 -3"><span class='ocrx_word' id='word_1_109' title='bbox 153 2410 276 2459; x_wconf 88' lang='grc'><strong>266.</strong></span> <span class='ocrx_word' id='word_1_110' title='bbox 314 2388 619 2460; x_wconf 60' lang='lat' dir='ltr'><strong>Scabiosa</strong></span> <span class='ocrx_word' id='word_1_111' title='bbox 652 2414 950 2462; x_wconf 75' lang='lat' dir='ltr'><strong>tatarica.</strong></span> 
     </span>
    </p>
   </div>
   <div class='ocr_carea' id='block_1_15' title="bbox 225 2507 1926 2578">
    <p class='ocr_par' dir='ltr' id='par_1_15' title="bbox 225 2507 1926 2578">
     <span class='ocr_line' id='line_1_23' title="bbox 225 2507 1926 2578; baseline 0.007 -23"><span class='ocrx_word' id='word_1_112' title='bbox 225 2508 279 2556; x_wconf 88' lang='lat' dir='ltr'><strong>lu</strong></span> <span class='ocrx_word' id='word_1_113' title='bbox 339 2508 471 2558; x_wconf 76' lang='lat' dir='ltr'><strong>arvis</strong></span> <span class='ocrx_word' id='word_1_114' title='bbox 516 2507 964 2573; x_wconf 79' lang='lat' dir='ltr'><strong>Dio&#39;szegiensibus</strong></span> <span class='ocrx_word' id='word_1_115' title='bbox 1021 2513 1236 2578; x_wconf 81' lang='lat' dir='ltr'><strong>alibique</strong></span> <span class='ocrx_word' id='word_1_116' title='bbox 1292 2517 1352 2564; x_wconf 89' lang='lat' dir='ltr'><strong>ad</strong></span> <span class='ocrx_word' id='word_1_117' title='bbox 1404 2517 1714 2567; x_wconf 83' lang='lat' dir='ltr'><strong>altitudinem</strong></span> <span class='ocrx_word' id='word_1_118' title='bbox 1760 2518 1926 2567; x_wconf 62' lang='lat'><strong>5—*7</strong></span> 
     </span>
    </p>
   </div>
   <div class='ocr_carea' id='block_1_16' title="bbox 85 2608 1925 2753">
    <p class='ocr_par' dir='ltr' id='par_1_16' title="bbox 85 2608 1925 2753">
     <span class='ocr_line' id='line_1_24' title="bbox 85 2608 1925 2679; baseline 0.007 -25"><span class='ocrx_word' id='word_1_119' title='bbox 85 2608 260 2671; x_wconf 84' lang='lat' dir='ltr'><strong>pedum</strong></span> <span class='ocrx_word' id='word_1_120' title='bbox 299 2608 570 2670; x_wconf 81' lang='lat' dir='ltr'><strong>exerescit,</strong></span> <span class='ocrx_word' id='word_1_121' title='bbox 612 2617 815 2658; x_wconf 84' lang='lat' dir='ltr'><strong>notante</strong></span> <span class='ocrx_word' id='word_1_122' title='bbox 856 2611 1090 2661; x_wconf 84' lang='lat' dir='ltr'><strong>Samuele</strong></span> <span class='ocrx_word' id='word_1_123' title='bbox 1117 2612 1356 2679; x_wconf 82' lang='lat' dir='ltr'><strong>Dio&#39;szegi</strong></span> <span class='ocrx_word' id='word_1_124' title='bbox 1385 2616 1743 2666; x_wconf 80' lang='lat' dir='ltr'><strong>Debreeinensi</strong></span> <span class='ocrx_word' id='word_1_125' title='bbox 1767 2617 1925 2668; x_wconf 83' lang='lat' dir='ltr'><strong>Prae-</strong></span> 
     </span>
     <span class='ocr_line' id='line_1_25' title="bbox 86 2703 322 2753; baseline 0 -2"><span class='ocrx_word' id='word_1_126' title='bbox 86 2703 322 2753; x_wconf 84' lang='lat' dir='ltr'><strong>dicatore.</strong></span> 
     </span>
    </p>
   </div>
   <div class='ocr_carea' id='block_1_17' title="bbox 158 2786 963 2863">
    <p class='ocr_par' dir='ltr' id='par_1_17' title="bbox 158 2786 963 2863">
     <span class='ocr_line' id='line_1_26' title="bbox 158 2786 963 2863; baseline 0.004 -10"><span class='ocrx_word' id='word_1_127' title='bbox 158 2804 280 2853; x_wconf 78' lang='grc'><strong>267.</strong></span> <span class='ocrx_word' id='word_1_128' title='bbox 320 2807 379 2852; x_wconf 83' lang='lat' dir='ltr'><strong>S.</strong></span> <span class='ocrx_word' id='word_1_129' title='bbox 420 2786 790 2863; x_wconf 65' lang='lat' dir='ltr'><strong>spathulata</strong></span> <span class='ocrx_word' id='word_1_130' title='bbox 829 2808 963 2857; x_wconf 85' lang='lat' dir='ltr'><strong>mihi.</strong></span> 
     </span>
    </p>
   </div>
   <div class='ocr_carea' id='block_1_18' title="bbox 88 2900 1936 3363">
    <p class='ocr_par' dir='ltr' id='par_1_18' title="bbox 88 2900 1936 3363">
     <span class='ocr_line' id='line_1_27' title="bbox 230 2900 1928 2974; baseline 0.006 -24"><span class='ocrx_word' id='word_1_131' title='bbox 230 2902 305 2950; x_wconf 90' lang='lat' dir='ltr'><strong>An</strong></span> <span class='ocrx_word' id='word_1_132' title='bbox 342 2900 390 2953; x_wconf 87' lang='lat' dir='ltr'><strong><em>S</em></strong></span> <span class='ocrx_word' id='word_1_133' title='bbox 430 2906 671 2952; x_wconf 75' lang='lat' dir='ltr'><strong>succisae</strong></span> <span class='ocrx_word' id='word_1_134' title='bbox 710 2904 948 2955; x_wconf 82' lang='lat' dir='ltr'><strong>varietas.</strong></span> <span class='ocrx_word' id='word_1_135' title='bbox 1013 2906 1187 2956; x_wconf 85' lang='lat' dir='ltr'><strong>Caulis</strong></span> <span class='ocrx_word' id='word_1_136' title='bbox 1228 2925 1370 2972; x_wconf 82' lang='lat' dir='ltr'><strong>quem</strong></span> <span class='ocrx_word' id='word_1_137' title='bbox 1411 2909 1461 2958; x_wconf 88' lang='lat' dir='ltr'><strong>in</strong></span> <span class='ocrx_word' id='word_1_138' title='bbox 1500 2910 1770 2974; x_wconf 75' lang='lat' dir='ltr'><strong>specimine</strong></span> <span class='ocrx_word' id='word_1_139' title='bbox 1797 2911 1928 2961; x_wconf 79' lang='lat' dir='ltr'><strong>sicco</strong></span> 
     </span>
     <span class='ocr_line' id='line_1_28' title="bbox 88 2999 1934 3067; baseline 0.004 -17"><span class='ocrx_word' id='word_1_140' title='bbox 88 2999 218 3065; x_wconf 82' lang='lat' dir='ltr'><strong>vidi,</strong></span> <span class='ocrx_word' id='word_1_141' title='bbox 259 3000 366 3050; x_wconf 88' lang='lat' dir='ltr'><strong>basi</strong></span> <span class='ocrx_word' id='word_1_142' title='bbox 407 3001 732 3059; x_wconf 79' lang='lat' dir='ltr'><strong>decumbens,</strong></span> <span class='ocrx_word' id='word_1_143' title='bbox 786 3005 1047 3067; x_wconf 68' lang='lat' dir='ltr'><strong>radimus,</strong></span> <span class='ocrx_word' id='word_1_144' title='bbox 1085 3014 1192 3055; x_wconf 81' lang='lat' dir='ltr'><strong>erat</strong></span> <span class='ocrx_word' id='word_1_145' title='bbox 1233 3015 1516 3067; x_wconf 79' lang='lat' dir='ltr'><strong>truncatus3</strong></span> <span class='ocrx_word' id='word_1_146' title='bbox 1566 3018 1786 3058; x_wconf 80' lang='lat' dir='ltr'><strong>ceterum</strong></span> <span class='ocrx_word' id='word_1_147' title='bbox 1824 3026 1934 3058; x_wconf 82' lang='lat' dir='ltr'><strong>ere-</strong></span> 
     </span>
     <span class='ocr_line' id='line_1_29' title="bbox 91 3101 1932 3168; baseline 0.005 -22"><span class='ocrx_word' id='word_1_148' title='bbox 91 3106 226 3160; x_wconf 87' lang='lat' dir='ltr'><strong>ctus,</strong></span> <span class='ocrx_word' id='word_1_149' title='bbox 282 3115 542 3161; x_wconf 84' lang='lat' dir='ltr'><strong>ramosus,</strong></span> <span class='ocrx_word' id='word_1_150' title='bbox 599 3101 750 3150; x_wconf 80' lang='lat' dir='ltr'><strong>ramis</strong></span> <span class='ocrx_word' id='word_1_151' title='bbox 816 3112 1016 3166; x_wconf 78' lang='lat' dir='ltr'><strong>praeter</strong></span> <span class='ocrx_word' id='word_1_152' title='bbox 1062 3105 1390 3168; x_wconf 85' lang='lat' dir='ltr'><strong>pedunculum</strong></span> <span class='ocrx_word' id='word_1_153' title='bbox 1440 3107 1747 3157; x_wconf 83' lang='lat' dir='ltr'><strong>terminalem</strong></span> <span class='ocrx_word' id='word_1_154' title='bbox 1799 3108 1932 3158; x_wconf 85' lang='lat' dir='ltr'><strong>senis</strong></span> 
     </span>
     <span class='ocr_line' id='line_1_30' title="bbox 91 3197 1932 3269; baseline 0.002 -23"><span class='ocrx_word' id='word_1_155' title='bbox 91 3197 362 3261; x_wconf 81' lang='lat' dir='ltr'><strong>cruciatis,</strong></span> <span class='ocrx_word' id='word_1_156' title='bbox 401 3206 562 3260; x_wconf 83' lang='lat' dir='ltr'><strong>teres,</strong></span> <span class='ocrx_word' id='word_1_157' title='bbox 600 3201 820 3251; x_wconf 85' lang='lat' dir='ltr'><strong>medulla</strong></span> <span class='ocrx_word' id='word_1_158' title='bbox 855 3202 971 3252; x_wconf 87' lang='lat' dir='ltr'><strong>alba</strong></span> <span class='ocrx_word' id='word_1_159' title='bbox 1013 3197 1207 3265; x_wconf 81' lang='lat' dir='ltr'><strong>penitus</strong></span> <span class='ocrx_word' id='word_1_160' title='bbox 1247 3205 1466 3266; x_wconf 69' lang='lat' dir='ltr'><strong>furt-tus,</strong></span> <span class='ocrx_word' id='word_1_161' title='bbox 1519 3206 1725 3269; x_wconf 77' lang='lat' dir='ltr'><strong>glaber,</strong></span> <span class='ocrx_word' id='word_1_162' title='bbox 1762 3207 1932 3255; x_wconf 75' lang='lat' dir='ltr'><strong>laevis.</strong></span> 
     </span>
     <span class='ocr_line' id='line_1_31' title="bbox 90 3292 1936 3363; baseline 0.003 -22"><span class='ocrx_word' id='word_1_163' title='bbox 90 3293 238 3343; x_wconf 85' lang='lat' dir='ltr'><strong>Folia</strong></span> <span class='ocrx_word' id='word_1_164' title='bbox 279 3292 547 3357; x_wconf 64' lang='lat' dir='ltr'><strong>penulam,</strong></span> <span class='ocrx_word' id='word_1_165' title='bbox 588 3295 784 3359; x_wconf 79' lang='lat' dir='ltr'><strong>glabra,</strong></span> <span class='ocrx_word' id='word_1_166' title='bbox 826 3297 1115 3347; x_wconf 81' lang='lat' dir='ltr'><strong>brevissime</strong></span> <span class='ocrx_word' id='word_1_167' title='bbox 1144 3299 1528 3363; x_wconf 81' lang='lat' dir='ltr'><strong>tenuissimeque</strong></span> <span class='ocrx_word' id='word_1_168' title='bbox 1570 3300 1761 3359; x_wconf 82' lang='lat' dir='ltr'><strong>eiliata3</strong></span> <span class='ocrx_word' id='word_1_169' title='bbox 1803 3299 1936 3348; x_wconf 84' lang='lat' dir='ltr'><strong>radi-</strong></span> 
     </span>
    </p>
   </div>
   <div class='ocr_carea' id='block_1_19' title="bbox 1584 3415 1617 3445">
    <p class='ocr_par' dir='ltr' id='par_1_19' title="bbox 1584 3415 1617 3445">
     <span class='ocr_line' id='line_1_32' title="bbox 1584 3415 1617 3445; baseline 0 0"><span class='ocrx_word' id='word_1_170' title='bbox 1584 3415 1617 3445; x_wconf 76' lang='grc' dir='ltr'><strong><em>ὓ</em></strong></span> 
     </span>
    </p>
   </div>
  </div>
 </body>
</html>
