<?xml version="1.0" encoding="UTF-8"?>
<!DOCTYPE html PUBLIC "-//W3C//DTD XHTML 1.0 Transitional//EN"
    "http://www.w3.org/TR/xhtml1/DTD/xhtml1-transitional.dtd">
<html xmlns="http://www.w3.org/1999/xhtml" xml:lang="en" lang="en">
 <head>
  <title>
</title>
<meta http-equiv="Content-Type" content="text/html;charset=utf-8" />
  <meta name='ocr-system' content='tesseract 3.04.00' />
  <meta name='ocr-capabilities' content='ocr_page ocr_carea ocr_par ocr_line ocrx_word'/>
</head>
<body>
  <div class='ocr_page' id='page_1' title='image "./additamentaadflo00kita_0224.png"; bbox 0 0 2195 3657; ppageno 0'>
   <div class='ocr_carea' id='block_1_1' title="bbox 171 134 2052 3448">
    <p class='ocr_par' dir='ltr' id='par_1_1' title="bbox 171 134 300 196">
     <span class='ocr_line' id='line_1_1' title="bbox 171 134 300 196; baseline -0.016 0"><span class='ocrx_word' id='word_1_1' title='bbox 171 134 300 196; x_wconf 78' lang='lat'>218</span> 
     </span>
    </p>

    <p class='ocr_par' dir='ltr' id='par_1_2' title="bbox 172 273 2040 1949">
     <span class='ocr_line' id='line_1_2' title="bbox 175 273 2026 353; baseline -0.008 -16"><span class='ocrx_word' id='word_1_2' title='bbox 175 294 380 353; x_wconf 81' lang='lat' dir='ltr'>notata,</span> <span class='ocrx_word' id='word_1_3' title='bbox 429 282 769 336; x_wconf 75' lang='lat' dir='ltr'>ore-lO-fido</span> <span class='ocrx_word' id='word_1_4' title='bbox 810 279 1100 331; x_wconf 80' lang='lat' dir='ltr'>dehiscens:</span> <span class='ocrx_word' id='word_1_5' title='bbox 1158 278 1389 330; x_wconf 77' lang='lat' dir='ltr'><strong>dentibus</strong></span> <span class='ocrx_word' id='word_1_6' title='bbox 1441 276 1653 328; x_wconf 86' lang='lat' dir='ltr'>obtusis.</span> <span class='ocrx_word' id='word_1_7' title='bbox 1758 273 1928 327; x_wconf 85' lang='lat' dir='ltr'>Etiam</span> <span class='ocrx_word' id='word_1_8' title='bbox 1977 274 2026 324; x_wconf 85' lang='lat' dir='ltr'>in</span> 
     </span>
     <span class='ocr_line' id='line_1_3' title="bbox 172 373 2028 450; baseline -0.006 -14"><span class='ocrx_word' id='word_1_9' title='bbox 172 387 269 436; x_wconf 87' lang='lat' dir='ltr'>bac</span> <span class='ocrx_word' id='word_1_10' title='bbox 310 385 476 450; x_wconf 86' lang='lat' dir='ltr'>specie</span> <span class='ocrx_word' id='word_1_11' title='bbox 519 382 601 448; x_wconf 90' lang='lat' dir='ltr'>pili</span> <span class='ocrx_word' id='word_1_12' title='bbox 641 379 830 446; x_wconf 78' lang='lat' dir='ltr'>calycis</span> <span class='ocrx_word' id='word_1_13' title='bbox 872 396 897 428; x_wconf 92' lang='lat' dir='ltr'>e</span> <span class='ocrx_word' id='word_1_14' title='bbox 938 378 1152 444; x_wconf 83' lang='lat' dir='ltr'>granulo</span> <span class='ocrx_word' id='word_1_15' title='bbox 1203 396 1294 429; x_wconf 85' lang='lat' dir='ltr'>seu</span> <span class='ocrx_word' id='word_1_16' title='bbox 1332 385 1514 443; x_wconf 86' lang='lat' dir='ltr'>puncto</span> <span class='ocrx_word' id='word_1_17' title='bbox 1565 375 1808 426; x_wconf 74' lang='lat' dir='ltr'>eminente</span> <span class='ocrx_word' id='word_1_18' title='bbox 1858 373 2028 425; x_wconf 87' lang='lat' dir='ltr'>oriun-</span> 
     </span>
     <span class='ocr_line' id='line_1_4' title="bbox 174 474 2029 545; baseline -0.005 -11"><span class='ocrx_word' id='word_1_19' title='bbox 174 495 266 535; x_wconf 88' lang='lat' dir='ltr'>tur.</span> <span class='ocrx_word' id='word_1_20' title='bbox 342 483 550 534; x_wconf 83' lang='lat' dir='ltr'>Habitat</span> <span class='ocrx_word' id='word_1_21' title='bbox 591 481 637 531; x_wconf 89' lang='lat' dir='ltr'>in</span> <span class='ocrx_word' id='word_1_22' title='bbox 674 478 876 545; x_wconf 77' lang='lat' dir='ltr'>pascuis</span> <span class='ocrx_word' id='word_1_23' title='bbox 917 477 1222 545; x_wconf 82' lang='lat' dir='ltr'>alpestribus</span> <span class='ocrx_word' id='word_1_24' title='bbox 1277 477 1624 543; x_wconf 75' lang='lat' dir='ltr'>copiosissime</span> <span class='ocrx_word' id='word_1_25' title='bbox 1674 477 1723 526; x_wconf 89' lang='lat' dir='ltr'>in</span> <span class='ocrx_word' id='word_1_26' title='bbox 1763 474 2029 542; x_wconf 71' lang='lat' dir='ltr'>Scepnsio,</span> 
     </span>
     <span class='ocr_line' id='line_1_5' title="bbox 176 572 2031 643; baseline -0.005 -8"><span class='ocrx_word' id='word_1_27' title='bbox 176 586 303 636; x_wconf 86' lang='lat' dir='ltr'>unde</span> <span class='ocrx_word' id='word_1_28' title='bbox 345 601 374 634; x_wconf 88' lang='lat' dir='ltr'>a</span> <span class='ocrx_word' id='word_1_29' title='bbox 411 582 665 633; x_wconf 86' lang='lat' dir='ltr'>Mauksch</span> <span class='ocrx_word' id='word_1_30' title='bbox 708 579 863 629; x_wconf 90' lang='lat' dir='ltr'>semel</span> <span class='ocrx_word' id='word_1_31' title='bbox 906 596 992 643; x_wconf 93' lang='lat' dir='ltr'>pro</span> <span class='ocrx_word' id='word_1_32' title='bbox 1034 577 1084 630; x_wconf 85' lang='lat' dir='ltr'>C.</span> <span class='ocrx_word' id='word_1_33' title='bbox 1125 588 1439 640; x_wconf 74' lang='lat' dir='ltr'>tementeso‚</span> <span class='ocrx_word' id='word_1_34' title='bbox 1500 577 1662 628; x_wconf 87' lang='lat' dir='ltr'>altera</span> <span class='ocrx_word' id='word_1_35' title='bbox 1700 576 1807 627; x_wconf 82' lang='lat' dir='ltr'>vice</span> <span class='ocrx_word' id='word_1_36' title='bbox 1849 592 1938 641; x_wconf 85' lang='lat' dir='ltr'>pro</span> <span class='ocrx_word' id='word_1_37' title='bbox 1977 572 2031 626; x_wconf 84' lang='lat' dir='ltr'>C.</span> 
     </span>
     <span class='ocr_line' id='line_1_6' title="bbox 173 674 2032 744; baseline -0.005 -10"><span class='ocrx_word' id='word_1_38' title='bbox 173 681 520 734; x_wconf 80' lang='lat' dir='ltr'>lanatoLam.</span> <span class='ocrx_word' id='word_1_39' title='bbox 559 679 791 741; x_wconf 88' lang='lat' dir='ltr'>missum,</span> <span class='ocrx_word' id='word_1_40' title='bbox 832 679 1014 744; x_wconf 85' lang='lat' dir='ltr'>quippe</span> <span class='ocrx_word' id='word_1_41' title='bbox 1056 687 1131 728; x_wconf 85' lang='lat' dir='ltr'>est</span> <span class='ocrx_word' id='word_1_42' title='bbox 1170 677 1393 744; x_wconf 75' lang='lat' dir='ltr'>capsulis</span> <span class='ocrx_word' id='word_1_43' title='bbox 1419 676 1770 737; x_wconf 86' lang='lat' dir='ltr'>subrotnndis,</span> <span class='ocrx_word' id='word_1_44' title='bbox 1811 683 1863 737; x_wconf 73' lang='lat' dir='ltr'>et</span> <span class='ocrx_word' id='word_1_45' title='bbox 1885 674 2032 726; x_wconf 88' lang='lat' dir='ltr'>lana-</span> 
     </span>
     <span class='ocr_line' id='line_1_7' title="bbox 174 770 2031 839; baseline -0.003 -9"><span class='ocrx_word' id='word_1_46' title='bbox 174 790 305 839; x_wconf 90' lang='lat' dir='ltr'>tum,</span> <span class='ocrx_word' id='word_1_47' title='bbox 357 779 491 829; x_wconf 83' lang='lat' dir='ltr'>foliis</span> <span class='ocrx_word' id='word_1_48' title='bbox 534 778 1056 828; x_wconf 85' lang='lat' dir='ltr'>ovato-subrotundis</span> <span class='ocrx_word' id='word_1_49' title='bbox 1109 780 1258 827; x_wconf 83' lang='lat' dir='ltr'>dense</span> <span class='ocrx_word' id='word_1_50' title='bbox 1301 776 1751 837; x_wconf 76' lang='lat' dir='ltr'>incana-lanatis,</span> <span class='ocrx_word' id='word_1_51' title='bbox 1803 770 2031 832; x_wconf 83' lang='lat' dir='ltr'>caulibus</span> 
     </span>
     <span class='ocr_line' id='line_1_8' title="bbox 177 867 2034 942; baseline -0.002 -13"><span class='ocrx_word' id='word_1_52' title='bbox 177 879 515 942; x_wconf 83' lang='lat' dir='ltr'>brevissimis,</span> <span class='ocrx_word' id='word_1_53' title='bbox 556 879 688 929; x_wconf 85' lang='lat' dir='ltr'>foliis</span> <span class='ocrx_word' id='word_1_54' title='bbox 730 879 957 940; x_wconf 83' lang='lat' dir='ltr'>minutis,</span> <span class='ocrx_word' id='word_1_55' title='bbox 1008 879 1167 942; x_wconf 65' lang='lat' dir='ltr'>ipsum</span> <span class='ocrx_word' id='word_1_56' title='bbox 1213 878 1468 927; x_wconf 86' lang='lat' dir='ltr'>minutum.</span> <span class='ocrx_word' id='word_1_57' title='bbox 1543 867 1709 928; x_wconf 36' lang='lat' dir='ltr'>’Confi</span> <span class='ocrx_word' id='word_1_58' title='bbox 1751 892 1861 925; x_wconf 85' lang='lat' dir='ltr'>cum</span> <span class='ocrx_word' id='word_1_59' title='bbox 1899 873 2034 926; x_wconf 83' lang='lat' dir='ltr'>Hau.</span> 
     </span>
     <span class='ocr_line' id='line_1_9' title="bbox 172 959 2033 1046; baseline -0.004 -14"><span class='ocrx_word' id='word_1_60' title='bbox 172 959 306 1032; x_wconf 85' lang='lat' dir='ltr'>helv.</span> <span class='ocrx_word' id='word_1_61' title='bbox 347 999 394 1031; x_wconf 86' lang='lat' dir='ltr'>n.</span> <span class='ocrx_word' id='word_1_62' title='bbox 435 980 566 1043; x_wconf 75' lang='lat'>887,</span> <span class='ocrx_word' id='word_1_63' title='bbox 626 980 754 1044; x_wconf 90' lang='lat' dir='ltr'>quod</span> <span class='ocrx_word' id='word_1_64' title='bbox 798 989 846 1028; x_wconf 92' lang='lat' dir='ltr'>ut</span> <span class='ocrx_word' id='word_1_65' title='bbox 887 962 1013 1046; x_wconf 74' lang='lat' dir='ltr'>Syn.v</span> <span class='ocrx_word' id='word_1_66' title='bbox 1063 979 1122 1027; x_wconf 93' lang='lat' dir='ltr'>ad</span> <span class='ocrx_word' id='word_1_67' title='bbox 1163 978 1293 1028; x_wconf 87' lang='lat' dir='ltr'>hanc</span> <span class='ocrx_word' id='word_1_68' title='bbox 1336 979 1557 1041; x_wconf 75' lang='lat' dir='ltr'>plantam</span> <span class='ocrx_word' id='word_1_69' title='bbox 1598 976 1780 1027; x_wconf 84' lang='lat' dir='ltr'>citatur</span> <span class='ocrx_word' id='word_1_70' title='bbox 1818 992 1849 1026; x_wconf 85' lang='lat' dir='ltr'>a</span> <span class='ocrx_word' id='word_1_71' title='bbox 1886 974 2033 1026; x_wconf 83' lang='lat' dir='ltr'>Lam.</span> 
     </span>
     <span class='ocr_line' id='line_1_10' title="bbox 177 1062 2036 1147; baseline -0.004 -14"><span class='ocrx_word' id='word_1_72' title='bbox 177 1081 455 1133; x_wconf 86' lang='lat' dir='ltr'>Genersich</span> <span class='ocrx_word' id='word_1_73' title='bbox 504 1062 654 1147; x_wconf 86' lang='lat' dir='ltr'>hujus</span> <span class='ocrx_word' id='word_1_74' title='bbox 707 1080 878 1144; x_wconf 76' lang='lat' dir='ltr'>stirpis</span> <span class='ocrx_word' id='word_1_75' title='bbox 933 1079 1048 1128; x_wconf 86' lang='lat' dir='ltr'>bina</span> <span class='ocrx_word' id='word_1_76' title='bbox 1099 1078 1373 1144; x_wconf 80' lang='lat' dir='ltr'>specimina</span> <span class='ocrx_word' id='word_1_77' title='bbox 1424 1076 1642 1145; x_wconf 85' lang='lat' dir='ltr'>(minora</span> <span class='ocrx_word' id='word_1_78' title='bbox 1699 1084 1746 1126; x_wconf 89' lang='lat' dir='ltr'>et</span> <span class='ocrx_word' id='word_1_79' title='bbox 1795 1075 2036 1140; x_wconf 88' lang='lat' dir='ltr'>uuiflora)</span> 
     </span>
     <span class='ocr_line' id='line_1_11' title="bbox 175 1172 2037 1246; baseline -0.003 -14"><span class='ocrx_word' id='word_1_80' title='bbox 175 1199 284 1234; x_wconf 86' lang='lat' dir='ltr'>cum</span> <span class='ocrx_word' id='word_1_81' title='bbox 339 1182 453 1232; x_wconf 89' lang='lat' dir='ltr'>aliis</span> <span class='ocrx_word' id='word_1_82' title='bbox 500 1183 535 1232; x_wconf 76' lang='lat'><strong>2</strong></span> <span class='ocrx_word' id='word_1_83' title='bbox 575 1181 841 1246; x_wconf 79' lang='lat' dir='ltr'>speciebus</span> <span class='ocrx_word' id='word_1_84' title='bbox 894 1172 1259 1242; x_wconf 69' lang='lat' dir='ltr'>mixtamisit‚</span> <span class='ocrx_word' id='word_1_85' title='bbox 1314 1179 1534 1228; x_wconf 89' lang='lat' dir='ltr'>addens:</span> <span class='ocrx_word' id='word_1_86' title='bbox 1595 1175 1684 1240; x_wconf 87' lang='lat' dir='ltr'>„C.</span> <span class='ocrx_word' id='word_1_87' title='bbox 1736 1178 1798 1227; x_wconf 85' lang='lat' dir='ltr'>ab</span> <span class='ocrx_word' id='word_1_88' title='bbox 1850 1176 2037 1243; x_wconf 77' lang='lat' dir='ltr'>alpino</span> 
     </span>
     <span class='ocr_line' id='line_1_12' title="bbox 179 1259 2037 1344; baseline -0.002 -14"><span class='ocrx_word' id='word_1_89' title='bbox 179 1259 430 1334; x_wconf 86' lang='lat' dir='ltr'>diversum</span> <span class='ocrx_word' id='word_1_90' title='bbox 477 1282 692 1333; x_wconf 88' lang='lat' dir='ltr'>videtur.</span> <span class='ocrx_word' id='word_1_91' title='bbox 712 1290 741 1313; x_wconf 84' lang='lat'>“</span> <span class='ocrx_word' id='word_1_92' title='bbox 853 1280 1044 1330; x_wconf 87' lang='lat' dir='ltr'>Harum</span> <span class='ocrx_word' id='word_1_93' title='bbox 1097 1279 1375 1344; x_wconf 81' lang='lat' dir='ltr'>specierum</span> <span class='ocrx_word' id='word_1_94' title='bbox 1427 1296 1525 1330; x_wconf 90' lang='lat' dir='ltr'>una</span> <span class='ocrx_word' id='word_1_95' title='bbox 1575 1278 1773 1328; x_wconf 83' lang='lat' dir='ltr'>videtur</span> <span class='ocrx_word' id='word_1_96' title='bbox 1821 1293 1933 1328; x_wconf 87' lang='lat' dir='ltr'>esse</span> <span class='ocrx_word' id='word_1_97' title='bbox 1983 1273 2037 1327; x_wconf 82' lang='lat' dir='ltr'>G.</span> 
     </span>
     <span class='ocr_line' id='line_1_13' title="bbox 178 1359 2036 1448; baseline -0.005 -13"><span class='ocrx_word' id='word_1_98' title='bbox 178 1401 434 1442; x_wconf 78' lang='lat' dir='ltr'>arvense,</span> <span class='ocrx_word' id='word_1_99' title='bbox 478 1391 649 1448; x_wconf 81' lang='lat' dir='ltr'>utpote</span> <span class='ocrx_word' id='word_1_100' title='bbox 690 1382 825 1432; x_wconf 84' lang='lat' dir='ltr'>foliis</span> <span class='ocrx_word' id='word_1_101' title='bbox 872 1382 1064 1447; x_wconf 80' lang='lat' dir='ltr'>glabris</span> <span class='ocrx_word' id='word_1_102' title='bbox 1105 1380 1298 1431; x_wconf 87' lang='lat' dir='ltr'>obtusis</span> <span class='ocrx_word' id='word_1_103' title='bbox 1340 1381 1426 1430; x_wconf 90' lang='lat' dir='ltr'>sed</span> <span class='ocrx_word' id='word_1_104' title='bbox 1469 1379 1771 1442; x_wconf 83' lang='lat' dir='ltr'>linearibus,</span> <span class='ocrx_word' id='word_1_105' title='bbox 1826 1359 2036 1428; x_wconf 85' lang='lat' dir='ltr'>alterum</span> 
     </span>
     <span class='ocr_line' id='line_1_14' title="bbox 178 1478 2040 1549; baseline -0.004 -14"><span class='ocrx_word' id='word_1_106' title='bbox 178 1486 237 1538; x_wconf 80' lang='lat' dir='ltr'>G.</span> <span class='ocrx_word' id='word_1_107' title='bbox 278 1483 412 1535; x_wconf 85' lang='lat' dir='ltr'>misit</span> <span class='ocrx_word' id='word_1_108' title='bbox 452 1485 542 1533; x_wconf 88' lang='lat' dir='ltr'>sub</span> <span class='ocrx_word' id='word_1_109' title='bbox 584 1500 715 1533; x_wconf 89' lang='lat' dir='ltr'>nom.</span> <span class='ocrx_word' id='word_1_110' title='bbox 754 1481 807 1533; x_wconf 85' lang='lat' dir='ltr'>C.</span> <span class='ocrx_word' id='word_1_111' title='bbox 848 1483 1040 1549; x_wconf 73' lang='lat' dir='ltr'>alpini.</span> <span class='ocrx_word' id='word_1_112' title='bbox 1120 1481 1370 1531; x_wconf 86' lang='lat' dir='ltr'>Minorem</span> <span class='ocrx_word' id='word_1_113' title='bbox 1425 1480 1719 1532; x_wconf 86' lang='lat' dir='ltr'>varietatem</span> <span class='ocrx_word' id='word_1_114' title='bbox 1771 1478 1908 1531; x_wconf 88' lang='lat' dir='ltr'>foliis</span> <span class='ocrx_word' id='word_1_115' title='bbox 1950 1479 2040 1527; x_wconf 88' lang='lat' dir='ltr'>oh-</span> 
     </span>
     <span class='ocr_line' id='line_1_15' title="bbox 180 1579 2039 1648; baseline -0.004 -14"><span class='ocrx_word' id='word_1_116' title='bbox 180 1585 342 1636; x_wconf 85' lang='lat' dir='ltr'>ovatis</span> <span class='ocrx_word' id='word_1_117' title='bbox 384 1585 536 1635; x_wconf 84' lang='lat' dir='ltr'>dense</span> <span class='ocrx_word' id='word_1_118' title='bbox 578 1584 847 1641; x_wconf 83' lang='lat' dir='ltr'>confertis,</span> <span class='ocrx_word' id='word_1_119' title='bbox 888 1582 1050 1633; x_wconf 86' lang='lat' dir='ltr'>minus</span> <span class='ocrx_word' id='word_1_120' title='bbox 1093 1583 1295 1645; x_wconf 89' lang='lat' dir='ltr'>lanatis,</span> <span class='ocrx_word' id='word_1_121' title='bbox 1337 1582 1479 1632; x_wconf 82' lang='lat' dir='ltr'>caule.</span> <span class='ocrx_word' id='word_1_122' title='bbox 1525 1579 2039 1648; x_wconf 73' lang='lat' dir='ltr'>1——11s2-pollic-ari</span> 
     </span>
     <span class='ocr_line' id='line_1_16' title="bbox 179 1680 2040 1748; baseline -0.002 -13"><span class='ocrx_word' id='word_1_123' title='bbox 179 1685 418 1748; x_wconf 90' lang='lat' dir='ltr'>unifloro,</span> <span class='ocrx_word' id='word_1_124' title='bbox 483 1702 512 1734; x_wconf 90' lang='lat' dir='ltr'>a</span> <span class='ocrx_word' id='word_1_125' title='bbox 565 1684 818 1734; x_wconf 80' lang='lat' dir='ltr'>Maukscb</span> <span class='ocrx_word' id='word_1_126' title='bbox 875 1701 961 1748; x_wconf 83' lang='lat' dir='ltr'>pro</span> <span class='ocrx_word' id='word_1_127' title='bbox 1015 1682 1259 1732; x_wconf 85' lang='lat' dir='ltr'>varietate</span> <span class='ocrx_word' id='word_1_128' title='bbox 1312 1682 1363 1732; x_wconf 82' lang='lat' dir='ltr'>C.</span> <span class='ocrx_word' id='word_1_129' title='bbox 1402 1686 1683 1732; x_wconf 61' lang='lat' dir='ltr'>tomento-si</span> <span class='ocrx_word' id='word_1_130' title='bbox 1728 1682 1776 1731; x_wconf 90' lang='lat' dir='ltr'>in</span> <span class='ocrx_word' id='word_1_131' title='bbox 1831 1680 2040 1731; x_wconf 87' lang='lat' dir='ltr'>summis</span> 
     </span>
     <span class='ocr_line' id='line_1_17' title="bbox 179 1776 2040 1847; baseline -0.003 -15"><span class='ocrx_word' id='word_1_132' title='bbox 179 1782 379 1847; x_wconf 84' lang='lat' dir='ltr'>alpibus</span> <span class='ocrx_word' id='word_1_133' title='bbox 432 1783 558 1846; x_wconf 76' lang='lat' dir='ltr'>Aug.</span> <span class='ocrx_word' id='word_1_134' title='bbox 613 1781 794 1831; x_wconf 83' lang='lat' dir='ltr'>lectam</span> <span class='ocrx_word' id='word_1_135' title='bbox 840 1780 1138 1830; x_wconf 87' lang='lat' dir='ltr'>Willdenow</span> <span class='ocrx_word' id='word_1_136' title='bbox 1193 1796 1279 1843; x_wconf 84' lang='lat' dir='ltr'>pro</span> <span class='ocrx_word' id='word_1_137' title='bbox 1337 1776 1387 1827; x_wconf 82' lang='lat' dir='ltr'>C.</span> <span class='ocrx_word' id='word_1_138' title='bbox 1431 1778 1680 1844; x_wconf 76' lang='lat' dir='ltr'>latifole&#39;o</span> <span class='ocrx_word' id='word_1_139' title='bbox 1730 1777 2040 1838; x_wconf 77' lang='lat' dir='ltr'>declaravit3</span> 
     </span>
     <span class='ocr_line' id='line_1_18' title="bbox 181 1881 648 1949; baseline -0.004 -15"><span class='ocrx_word' id='word_1_140' title='bbox 181 1891 379 1949; x_wconf 83' lang='lat' dir='ltr'>petatur</span> <span class='ocrx_word' id='word_1_141' title='bbox 419 1881 648 1947; x_wconf 84' lang='lat' dir='ltr'>capsula.</span> 
     </span>
    </p>

    <p class='ocr_par' dir='ltr' id='par_1_3' title="bbox 266 1976 1386 2043">
     <span class='ocr_line' id='line_1_19' title="bbox 266 1976 1386 2043; baseline -0.005 -9"><span class='ocrx_word' id='word_1_142' title='bbox 266 1983 386 2034; x_wconf 82' lang='lat'>959.</span> <span class='ocrx_word' id='word_1_143' title='bbox 430 1984 493 2031; x_wconf 74' lang='lat' dir='ltr'>G.</span> <span class='ocrx_word' id='word_1_144' title='bbox 534 1984 904 2030; x_wconf 74' lang='lat' dir='ltr'>anomalum.</span> <span class='ocrx_word' id='word_1_145' title='bbox 961 1976 1035 2028; x_wconf 89' lang='lat' dir='ltr'>Pl.</span> <span class='ocrx_word' id='word_1_146' title='bbox 1077 1994 1175 2027; x_wconf 81' lang='lat' dir='ltr'>rar.</span> <span class='ocrx_word' id='word_1_147' title='bbox 1219 1977 1386 2043; x_wconf 78' lang='lat' dir='ltr'>Hung.</span> 
     </span>
    </p>

    <p class='ocr_par' dir='ltr' id='par_1_4' title="bbox 181 2075 2043 2345">
     <span class='ocr_line' id='line_1_20' title="bbox 324 2075 2040 2144; baseline -0.002 -13"><span class='ocrx_word' id='word_1_148' title='bbox 324 2081 377 2131; x_wconf 90' lang='lat' dir='ltr'>ln</span> <span class='ocrx_word' id='word_1_149' title='bbox 436 2080 627 2144; x_wconf 82' lang='lat' dir='ltr'>pratis,</span> <span class='ocrx_word' id='word_1_150' title='bbox 697 2078 1023 2143; x_wconf 77' lang='lat' dir='ltr'>pascuisque,</span> <span class='ocrx_word' id='word_1_151' title='bbox 1081 2077 1293 2143; x_wconf 85' lang='lat' dir='ltr'>aliisque</span> <span class='ocrx_word' id='word_1_152' title='bbox 1356 2076 1479 2128; x_wconf 89' lang='lat' dir='ltr'>locis</span> <span class='ocrx_word' id='word_1_153' title='bbox 1519 2075 1826 2143; x_wconf 81' lang='lat' dir='ltr'>graminosis</span> <span class='ocrx_word' id='word_1_154' title='bbox 1868 2075 2040 2141; x_wconf 75' lang='lat' dir='ltr'>Gyiin-</span> 
     </span>
     <span class='ocr_line' id='line_1_21' title="bbox 181 2172 2041 2246; baseline -0.004 -16"><span class='ocrx_word' id='word_1_155' title='bbox 181 2180 412 2246; x_wconf 73' lang='lat' dir='ltr'>gyiisini,</span> <span class='ocrx_word' id='word_1_156' title='bbox 471 2193 648 2227; x_wconf 79' lang='lat' dir='ltr'>versus</span> <span class='ocrx_word' id='word_1_157' title='bbox 700 2176 897 2226; x_wconf 82' lang='lat' dir='ltr'>fodinas</span> <span class='ocrx_word' id='word_1_158' title='bbox 938 2175 1299 2237; x_wconf 67' lang='lat' dir='ltr'>Orosziwses,</span> <span class='ocrx_word' id='word_1_159' title='bbox 1355 2174 1405 2224; x_wconf 90' lang='lat' dir='ltr'>in</span> <span class='ocrx_word' id='word_1_160' title='bbox 1447 2174 1643 2237; x_wconf 87' lang='lat' dir='ltr'>Matra,</span> <span class='ocrx_word' id='word_1_161' title='bbox 1703 2172 1752 2223; x_wconf 91' lang='lat' dir='ltr'>iu</span> <span class='ocrx_word' id='word_1_162' title='bbox 1793 2172 2041 2226; x_wconf 76' lang='lat' dir='ltr'>Cumania</span> 
     </span>
     <span class='ocr_line' id='line_1_22' title="bbox 183 2272 2043 2345; baseline -0.002 -15"><span class='ocrx_word' id='word_1_163' title='bbox 183 2279 402 2345; x_wconf 82' lang='lat' dir='ltr'>majore,</span> <span class='ocrx_word' id='word_1_164' title='bbox 443 2277 592 2326; x_wconf 86' lang='lat' dir='ltr'>Cottu</span> <span class='ocrx_word' id='word_1_165' title='bbox 635 2274 952 2335; x_wconf 80' lang='lat' dir='ltr'>Biharicnsi3</span> <span class='ocrx_word' id='word_1_166' title='bbox 1001 2275 1181 2340; x_wconf 79' lang='lat' dir='ltr'>Wolny</span> <span class='ocrx_word' id='word_1_167' title='bbox 1225 2292 1249 2323; x_wconf 86' lang='lat' dir='ltr'>e</span> <span class='ocrx_word' id='word_1_168' title='bbox 1291 2273 1440 2324; x_wconf 87' lang='lat' dir='ltr'>Cottu</span> <span class='ocrx_word' id='word_1_169' title='bbox 1481 2272 1809 2336; x_wconf 87' lang='lat' dir='ltr'>Posoniensi,</span> <span class='ocrx_word' id='word_1_170' title='bbox 1860 2274 2043 2326; x_wconf 86' lang='lat' dir='ltr'>attulit.</span> 
     </span>
    </p>

    <p class='ocr_par' dir='ltr' id='par_1_5' title="bbox 270 2377 923 2436">
     <span class='ocr_line' id='line_1_23' title="bbox 270 2377 923 2436; baseline -0.009 -6"><span class='ocrx_word' id='word_1_171' title='bbox 270 2377 393 2431; x_wconf 78' lang='lat'>960.</span> <span class='ocrx_word' id='word_1_172' title='bbox 435 2381 497 2427; x_wconf 65' lang='lat'>(3.</span> <span class='ocrx_word' id='word_1_173' title='bbox 539 2380 923 2436; x_wconf 74' lang='lat' dir='ltr'>aquaticum.</span> 
     </span>
    </p>

    <p class='ocr_par' dir='ltr' id='par_1_6' title="bbox 185 2471 2052 3448">
     <span class='ocr_line' id='line_1_24' title="bbox 326 2471 2049 2543; baseline -0.001 -18"><span class='ocrx_word' id='word_1_174' title='bbox 326 2478 424 2526; x_wconf 84' lang='lat' dir='ltr'>Sed</span> <span class='ocrx_word' id='word_1_175' title='bbox 467 2476 641 2526; x_wconf 85' lang='lat' dir='ltr'>caules</span> <span class='ocrx_word' id='word_1_176' title='bbox 702 2474 954 2543; x_wconf 66' lang='lat' dir='ltr'>inferior-el</span> <span class='ocrx_word' id='word_1_177' title='bbox 994 2481 1133 2539; x_wconf 84' lang='lat' dir='ltr'>parte</span> <span class='ocrx_word' id='word_1_178' title='bbox 1175 2472 1368 2539; x_wconf 73' lang='lat' dir='ltr'>glabri,</span> <span class='ocrx_word' id='word_1_179' title='bbox 1424 2488 1579 2537; x_wconf 82' lang='lat' dir='ltr'>supra</span> <span class='ocrx_word' id='word_1_180' title='bbox 1636 2471 1797 2538; x_wconf 83' lang='lat' dir='ltr'>magis</span> <span class='ocrx_word' id='word_1_181' title='bbox 1858 2472 2049 2539; x_wconf 84' lang='lat' dir='ltr'>magis·</span> 
     </span>
     <span class='ocr_line' id='line_1_25' title="bbox 185 2571 2048 2644; baseline -0.003 -16"><span class='ocrx_word' id='word_1_182' title='bbox 185 2595 277 2644; x_wconf 90' lang='lat' dir='ltr'>que</span> <span class='ocrx_word' id='word_1_183' title='bbox 329 2579 662 2643; x_wconf 82' lang='lat' dir='ltr'>pubescentes</span> <span class='ocrx_word' id='word_1_184' title='bbox 716 2576 830 2640; x_wconf 88' lang='lat' dir='ltr'>pilis</span> <span class='ocrx_word' id='word_1_185' title='bbox 873 2575 1107 2625; x_wconf 86' lang='lat' dir='ltr'>brevibus</span> <span class='ocrx_word' id='word_1_186' title='bbox 1165 2575 1312 2639; x_wconf 84' lang='lat' dir='ltr'>(nec,</span> <span class='ocrx_word' id='word_1_187' title='bbox 1368 2582 1416 2622; x_wconf 93' lang='lat' dir='ltr'>ut</span> <span class='ocrx_word' id='word_1_188' title='bbox 1457 2571 1648 2635; x_wconf 85' lang='lat' dir='ltr'>Smitb,</span> <span class='ocrx_word' id='word_1_189' title='bbox 1713 2573 1927 2639; x_wconf 86' lang='lat' dir='ltr'>undique</span> <span class='ocrx_word' id='word_1_190' title='bbox 1971 2573 2048 2640; x_wconf 91' lang='lat' dir='ltr'>pi-</span> 
     </span>
     <span class='ocr_line' id='line_1_26' title="bbox 185 2672 2045 2747; baseline -0.003 -18"><span class='ocrx_word' id='word_1_191' title='bbox 185 2680 325 2747; x_wconf 88' lang='lat' dir='ltr'>losi).</span> <span class='ocrx_word' id='word_1_192' title='bbox 400 2678 548 2728; x_wconf 87' lang='lat' dir='ltr'>Folia</span> <span class='ocrx_word' id='word_1_193' title='bbox 589 2677 793 2744; x_wconf 79' lang='lat' dir='ltr'>glabra,</span> <span class='ocrx_word' id='word_1_194' title='bbox 833 2678 1010 2727; x_wconf 88' lang='lat' dir='ltr'>subtus</span> <span class='ocrx_word' id='word_1_195' title='bbox 1052 2674 1416 2737; x_wconf 85' lang='lat' dir='ltr'>scabriuscula,</span> <span class='ocrx_word' id='word_1_196' title='bbox 1457 2673 1722 2739; x_wconf 86' lang='lat' dir='ltr'>superiora</span> <span class='ocrx_word' id='word_1_197' title='bbox 1748 2672 2045 2725; x_wconf 87' lang='lat' dir='ltr'>brevissime</span> 
     </span>
     <span class='ocr_line' id='line_1_27' title="bbox 187 2773 2049 2844; baseline -0.002 -15"><span class='ocrx_word' id='word_1_198' title='bbox 187 2780 358 2831; x_wconf 86' lang='lat' dir='ltr'>ciliata</span> <span class='ocrx_word' id='word_1_199' title='bbox 395 2780 540 2844; x_wconf 85' lang='lat' dir='ltr'>(nec,</span> <span class='ocrx_word' id='word_1_200' title='bbox 581 2786 631 2828; x_wconf 89' lang='lat' dir='ltr'>ut</span> <span class='ocrx_word' id='word_1_201' title='bbox 671 2778 798 2828; x_wconf 90' lang='lat' dir='ltr'>idem</span> <span class='ocrx_word' id='word_1_202' title='bbox 843 2777 1049 2842; x_wconf 88' lang='lat' dir='ltr'>pilosa).</span> <span class='ocrx_word' id='word_1_203' title='bbox 1127 2775 1399 2825; x_wconf 86' lang='lat' dir='ltr'>Pedunculi</span> <span class='ocrx_word' id='word_1_204' title='bbox 1442 2791 1506 2824; x_wconf 81' lang='lat' dir='ltr'>ex</span> <span class='ocrx_word' id='word_1_205' title='bbox 1539 2773 1842 2825; x_wconf 84' lang='lat' dir='ltr'>dichotomia</span> <span class='ocrx_word' id='word_1_206' title='bbox 1887 2774 2049 2826; x_wconf 84' lang='lat' dir='ltr'>caulis</span> 
     </span>
     <span class='ocr_line' id='line_1_28' title="bbox 189 2875 2051 2948; baseline -0.003 -17"><span class='ocrx_word' id='word_1_207' title='bbox 189 2881 307 2948; x_wconf 83' lang='lat' dir='ltr'>(nec</span> <span class='ocrx_word' id='word_1_208' title='bbox 346 2887 400 2929; x_wconf 86' lang='lat' dir='ltr'>ut</span> <span class='ocrx_word' id='word_1_209' title='bbox 439 2880 565 2929; x_wconf 90' lang='lat' dir='ltr'>idem</span> <span class='ocrx_word' id='word_1_210' title='bbox 607 2878 864 2940; x_wconf 82' lang='lat' dir='ltr'>laterales,</span> <span class='ocrx_word' id='word_1_211' title='bbox 902 2876 1285 2942; x_wconf 76' lang='lat' dir='ltr'>intrafoliacei).</span> <span class='ocrx_word' id='word_1_212' title='bbox 1327 2877 1400 2926; x_wconf 86' lang='lat' dir='ltr'>An</span> <span class='ocrx_word' id='word_1_213' title='bbox 1440 2875 1569 2925; x_wconf 81' lang='lat' dir='ltr'>forte</span> <span class='ocrx_word' id='word_1_214' title='bbox 1597 2875 1867 2926; x_wconf 78' lang='lat' dir='ltr'>Stellare&#39;a</span> <span class='ocrx_word' id='word_1_215' title='bbox 1895 2892 2051 2941; x_wconf 85' lang='lat' dir='ltr'>quae-</span> 
     </span>
     <span class='ocr_line' id='line_1_29' title="bbox 190 2975 2051 3044; baseline -0.003 -14"><span class='ocrx_word' id='word_1_216' title='bbox 190 2982 341 3033; x_wconf 70' lang='lat' dir='ltr'>dam?</span> <span class='ocrx_word' id='word_1_217' title='bbox 417 2981 581 3032; x_wconf 88' lang='lat' dir='ltr'>Etiam</span> <span class='ocrx_word' id='word_1_218' title='bbox 624 2980 753 3031; x_wconf 88' lang='lat' dir='ltr'>alias</span> <span class='ocrx_word' id='word_1_219' title='bbox 795 2979 994 3044; x_wconf 89' lang='lat' dir='ltr'>plantas</span> <span class='ocrx_word' id='word_1_220' title='bbox 1036 2980 1126 3029; x_wconf 89' lang='lat' dir='ltr'>sub</span> <span class='ocrx_word' id='word_1_221' title='bbox 1165 2978 1262 3028; x_wconf 84' lang='lat' dir='ltr'>hoo</span> <span class='ocrx_word' id='word_1_222' title='bbox 1303 2977 1503 3028; x_wconf 89' lang='lat' dir='ltr'>nomine</span> <span class='ocrx_word' id='word_1_223' title='bbox 1545 2977 1850 3027; x_wconf 80' lang='lat' dir='ltr'>inherbario</span> <span class='ocrx_word' id='word_1_224' title='bbox 1881 2975 2051 3038; x_wconf 86' lang='lat' dir='ltr'>habui,</span> 
     </span>
     <span class='ocr_line' id='line_1_30' title="bbox 190 3076 2052 3148; baseline -0.003 -15"><span class='ocrx_word' id='word_1_225' title='bbox 190 3098 316 3148; x_wconf 82' lang='lat' dir='ltr'>quae</span> <span class='ocrx_word' id='word_1_226' title='bbox 377 3081 578 3131; x_wconf 88' lang='lat' dir='ltr'>uberius</span> <span class='ocrx_word' id='word_1_227' title='bbox 638 3079 1030 3141; x_wconf 87' lang='lat' dir='ltr'>examinandae,</span> <span class='ocrx_word' id='word_1_228' title='bbox 1093 3077 1160 3127; x_wconf 87' lang='lat' dir='ltr'>uti</span> <span class='ocrx_word' id='word_1_229' title='bbox 1214 3076 1265 3127; x_wconf 87' lang='lat' dir='ltr'>G.</span> <span class='ocrx_word' id='word_1_230' title='bbox 1325 3080 1638 3145; x_wconf 78' lang='lat' dir='ltr'>aquaticum</span> <span class='ocrx_word' id='word_1_231' title='bbox 1692 3077 1743 3126; x_wconf 90' lang='lat' dir='ltr'>in</span> <span class='ocrx_word' id='word_1_232' title='bbox 1802 3077 1947 3127; x_wconf 86' lang='lat' dir='ltr'>horto</span> <span class='ocrx_word' id='word_1_233' title='bbox 2004 3085 2052 3127; x_wconf 83' lang='lat' dir='ltr'>et</span> 
     </span>
     <span class='ocr_line' id='line_1_31' title="bbox 188 3163 2052 3245; baseline -0.003 -13"><span class='ocrx_word' id='word_1_234' title='bbox 188 3163 415 3233; x_wconf 85' lang='lat' dir='ltr'>Pesthini</span> <span class='ocrx_word' id='word_1_235' title='bbox 465 3179 516 3230; x_wconf 90' lang='lat' dir='ltr'>in</span> <span class='ocrx_word' id='word_1_236' title='bbox 565 3179 720 3230; x_wconf 83' lang='lat' dir='ltr'>fossis</span> <span class='ocrx_word' id='word_1_237' title='bbox 773 3195 1027 3231; x_wconf 79' lang='lat' dir='ltr'>crescens.</span> <span class='ocrx_word' id='word_1_238' title='bbox 1104 3183 1156 3242; x_wconf 76' lang='grc' dir='ltr'>β.</span> <span class='ocrx_word' id='word_1_239' title='bbox 1195 3178 1357 3228; x_wconf 86' lang='lat' dir='ltr'>habeo</span> <span class='ocrx_word' id='word_1_240' title='bbox 1402 3177 1698 3228; x_wconf 87' lang='lat' dir='ltr'>varietatem</span> <span class='ocrx_word' id='word_1_241' title='bbox 1740 3177 2052 3245; x_wconf 75' lang='lat' dir='ltr'>latzfoliam</span> 
     </span>
     <span class='ocr_line' id='line_1_32' title="bbox 191 3275 2049 3349; baseline -0.002 -17"><span class='ocrx_word' id='word_1_242' title='bbox 191 3281 448 3349; x_wconf 85' lang='lat' dir='ltr'>calycibus</span> <span class='ocrx_word' id='word_1_243' title='bbox 500 3278 722 3346; x_wconf 82' lang='lat' dir='ltr'>glabris,</span> <span class='ocrx_word' id='word_1_244' title='bbox 782 3279 1000 3338; x_wconf 79' lang='lat' dir='ltr'>obtusis3</span> <span class='ocrx_word' id='word_1_245' title='bbox 1066 3277 1247 3343; x_wconf 87' lang='lat' dir='ltr'>petalis</span> <span class='ocrx_word' id='word_1_246' title='bbox 1305 3277 1478 3343; x_wconf 84' lang='lat' dir='ltr'>calyce</span> <span class='ocrx_word' id='word_1_247' title='bbox 1541 3275 1652 3341; x_wconf 79' lang='lat' dir='ltr'>plus</span> <span class='ocrx_word' id='word_1_248' title='bbox 1704 3281 1851 3340; x_wconf 85' lang='lat' dir='ltr'>quam</span> <span class='ocrx_word' id='word_1_249' title='bbox 1901 3277 2049 3342; x_wconf 85' lang='lat' dir='ltr'>duplo</span> 
     </span>
     <span class='ocr_line' id='line_1_33' title="bbox 191 3376 2046 3448; baseline -0.003 -15"><span class='ocrx_word' id='word_1_250' title='bbox 191 3381 537 3448; x_wconf 86' lang='lat' dir='ltr'>longioribus,</span> <span class='ocrx_word' id='word_1_251' title='bbox 577 3378 775 3430; x_wconf 89' lang='lat' dir='ltr'>minime</span> <span class='ocrx_word' id='word_1_252' title='bbox 819 3379 1058 3445; x_wconf 80' lang='lat' dir='ltr'>profunde</span> <span class='ocrx_word' id='word_1_253' title='bbox 1101 3377 1312 3445; x_wconf 87' lang='lat' dir='ltr'>bilobis,</span> <span class='ocrx_word' id='word_1_254' title='bbox 1350 3376 1485 3428; x_wconf 77' lang='lat' dir='ltr'>foliis</span> <span class='ocrx_word' id='word_1_255' title='bbox 1525 3376 1731 3443; x_wconf 84' lang='lat' dir='ltr'>(demtis</span> <span class='ocrx_word' id='word_1_256' title='bbox 1772 3376 2046 3445; x_wconf 86' lang='lat' dir='ltr'>supremis)</span> 
     </span>
    </p>
   </div>
  </div>
 </body>
</html>
