2195 3657
1844 157 1972 218 237

138 305 456 355 inferioribus
496 303 833 368 longioribus;
875 303 1070 355 caulina
1111 304 1313 368 (diutius
1352 304 1576 364 summis,
1619 322 1744 371 quae
1781 307 1973 358 floralia

139 405 395 466 dicenda),
434 413 619 453 tantum
664 405 776 465 duo,
815 403 1070 453 rarissime
1107 406 1165 466 4,
1205 409 1571 470 (nonnunquam
1602 406 1758 455 caulis
1795 407 1973 472 aphyl-

137 503 234 566 lus,
272 504 711 564 membranaceus,
751 502 967 565 riliatns,
1008 520 1114 553 cum
1141 504 1417 553 rudimento
1460 507 1664 554 «luorum
1697 505 1973 571 foliorum);

136 602 349 653 linearia
386 602 695 665 lanceolata,
748 611 832 652 aut
871 603 1078 653 linearia
1120 605 1226 654 basi
1267 613 1563 668 angustata,
1615 614 1854 669 connata,
1905 608 1976 656 ci-

139 701 294 765 liata,
346 701 458 767 pilis
500 702 547 751 in
588 701 821 750 inferiore
868 712 1005 766 parte
1045 702 1384 768 longioribus,
1447 722 1620 755 versus
1658 706 1849 770 apicem
1890 709 1975 756 de-

137 800 443 862 ficientibns3
493 801 688 852 floralia
741 801 920 851 similia
971 802 1206 867 caulinis,
1266 805 1350 853 sed
1401 807 1694 869 angustiora
1744 807 1975 857 breviora

139 908 186 949 et
246 900 354 950 basi
413 900 620 952 dilatata
666 900 990 965 marginequc
1032 902 1533 965 submembranacea,
1594 904 1778 970 majore
1838 914 1976 970 parte

137 1002 299 1061 nuda,
355 1017 451 1050 non
492 1000 677 1052 ciliata.
773 1000 952 1050 Flores
991 1010 1077 1050 ant
1116 1001 1404 1051 terminales
1443 1001 1681 1067 solitarii,
1742 1014 1824 1054 aut
1862 1005 1978 1067 bini,

124 1100 297 1151 -altero
339 1100 612 1162 terminali,
652 1101 810 1150 altero
851 1100 1073 1163 laterali,
1115 1109 1199 1151 aut
1235 1101 1387 1163 terni,
1440 1119 1642 1166 quorum
1683 1103 1781 1152 bini
1822 1122 1979 1169 oppo-

140 1199 249 1262 siti,
298 1209 382 1250 aut
423 1200 635 1250 solitarii
678 1218 701 1248 e
745 1201 934 1250 duabus
974 1200 1184 1251 diversis
1226 1201 1411 1250 axillis.
1521 1201 1791 1252 Pedunculi
1831 1206 1979 1253 semi-

139 1298 407 1364 pollicares
467 1299 781 1349 brevioresve
840 1308 925 1350 aut
983 1300 1129 1365 paulo
1190 1300 1475 1365 longiores,
1531 1310 1741 1364 teretes,
1800 1304 1978 1367 glabri,

138 1398 337 1460 laeves,
404 1417 530 1448 nunc
588 1399 803 1466 aphylli,
864 1416 993 1449 nunc
1045 1417 1169 1449 unus
1217 1400 1406 1450 alterve
1460 1410 1544 1450 aut
1583 1419 1751 1452 omnes
1793 1414 1891 1452 tres
1932 1405 1980 1453 in

141 1499 300 1548 medio
341 1500 446 1563 pari
490 1501 803 1553 bractearum
844 1515 933 1549 seu
971 1500 1201 1549 foliorum
1242 1500 1446 1565 reliquis
1487 1501 1716 1551 similium
1763 1505 1846 1551 sed
1889 1504 1980 1552 mi-

138 1608 310 1648 norum
364 1600 550 1663 stipati.
663 1599 824 1664 Calyx
867 1602 1109 1650 obovatus
1167 1599 1396 1662 inflatuS,
1460 1603 1980 1665 submembrauaceus,

80 1735 84 1740 -
139 1698 738 1764 viridi-purpurascens,
797 1700 1032 1762 striatas,
1089 1700 1292 1764 glaber,
1364 1700 1548 1761 laevis,
1606 1701 1833 1750 dentibus
1893 1717 1978 1751 seu

140 1798 266 1848 iobis
307 1798 406 1847 oris
447 1798 655 1848 obtusis.
770 1797 944 1849 Petala
983 1814 1166 1864 magna
1212 1799 1384 1864 (limbo
1425 1799 1644 1864 calycem
1686 1802 1979 1865 excedente)

141 1897 334 1961 biloba,
377 1898 638 1962 eleganter
677 1914 953 1963 purpurea,
986 1898 1130 1948 fauce
1170 1900 1327 1961 nuda,
1368 1915 1531 1962 ungue
1571 1899 1701 1950 albo.
1754 1900 1979 1949 Stamina

145 1997 237 2055 10,
280 1997 451 2063 calyce
491 1996 748 2062 longiora,
788 1996 1054 2048 filamentis
1093 1997 1221 2048 albis
1266 1997 1498 2060 setaceis,
1537 1998 1758 2048 anthei-is
1800 1999 1978 2063 pallide

141 2095 315 2158 flavis,
355 2095 613 2161 oblongis,
653 2096 893 2147 exaratis.
989 2097 1200 2147 Germen
1245 2098 1684 2163 oblongo-ovale,
1737 2114 1832 2148 una
1872 2116 1978 2149 cum

141 2196 434 2246 staminibus
487 2206 534 2245 et
587 2197 767 2259 petalis
818 2196 1057 2247 insistens
1108 2198 1426 2262 receptaculo
1478 2214 1668 2249 crasso.
1783 2198 1907 2265 Styli
1948 2201 1982 2249 4

141 2295 344 2360 saepius
382 2296 444 2358 5,
483 2294 772 2360 filisormes‚
831 2296 949 2347 albi.
1044 2296 1264 2363 Capsula
1306 2296 1492 2360 ovalis,
1554 2316 1635 2348 ore
1677 2297 1855 2347 5-fid0
1896 2299 1981 2347 de-

140 2393 356 2444 hiscens.
434 2393 640 2444 Habitat
691 2396 750 2446 ad
803 2395 941 2447 nives
993 2406 1261 2460 perpetuas
1312 2397 1360 2446 in
1411 2398 1524 2462 alpe
1564 2395 1803 2448 Petrosae
1844 2398 1983 2447 Mar-

142 2493 346 2545 matiae.
422 2493 519 2542 Pro
545 2493 730 2544 Silene
767 2496 998 2545 vallesz'a
1043 2496 1314 2546 declaravit
1336 2495 1652 2546 Willdenow.
1731 2496 1830 2546 Sed
1872 2512 1978 2561 per-

144 2609 314 2658 peram
356 2602 406 2642 ut
449 2594 715 2657 descriptio
757 2596 916 2645 docet.
994 2594 1138 2645 Couf.
1182 2613 1289 2645 cum
1321 2593 1589 2644 Cucubalo
1628 2596 1859 2662 alpe-stri
1887 2595 1980 2646 All.

143 2699 276 2743 auct.
318 2699 365 2740 et
406 2708 512 2741 cum
555 2692 844 2762 specimine.
1893 2670 1897 2674 .

217 2789 370 2841 1023.
410 2794 477 2839 Ῑι.
517 2793 741 2840 clinica.

286 2887 342 2936 In
381 2887 615 2952 sepibus,
653 2885 839 2951 pratiS‚
880 2885 1102 2936 versuris
1129 2902 1380 2950 agrorum,
1417 2883 1726 2950 marginibus
1750 2892 1796 2932 et
1823 2899 1983 2948 agge-

144 2986 282 3036 ribus
319 2986 493 3036 horum
518 3025 531 3050 ,
571 2987 699 3036 inter
737 2985 961 3037 frutices.

219 3087 374 3139 1024.
414 3091 482 3136 Ιι.
517 3066 852 3138 silvestris.

287 3186 340 3235 ln
381 3159 521 3236 silvis
561 3185 732 3251 opacis
770 3202 813 3234 e.
854 3201 896 3235 c.
936 3184 1115 3233 montis
1157 3180 1372 3240 Szantd,
1415 3181 1726 3246 potissimum
1762 3181 1824 3230 ad
1850 3177 1984 3227 Mol-

147 3287 325 3336 davam
361 3285 410 3334 in
447 3284 640 3337 Banatu
679 3284 913 3349 copiosa,
953 3284 1034 3333 nbi
1071 3282 1361 3334 varietatem
1399 3281 1547 3346 liujus
1586 3278 1787 3328 floribus
1811 3275 1982 3342 paucis

148 3392 367 3434 ceterum
418 3400 535 3435 vero
586 3383 643 3434 S.
695 3382 898 3433 rubrae
947 3380 1245 3432 simillimam
1296 3379 1412 3445 legi.
1524 3377 1690 3452 Etiam
1747 3375 1793 3424 in
1826 3374 1984 3425 silvis
