2195 3657
215 93 345 156 ,194

216 247 397 295 lentem
453 243 834 309 distinguendis·
922 242 1096 307 Stylns
1148 239 1515 291 brevissimus,
1553 239 2074 304 :stigma-obtusum.

219 345 426 394 Silicnla
466 352 783 408 compressa,
835 340 1213 405 emarginata52
1243 338 1882 398 obcordato-orbicnlata,
1918 339 2075 406 ‘stylo

219 444 511 495 brevissimo
554 443 853 506 persistente
893 441 1158 491 instructa.
1233 439 1792 504 Filamentalongio-ra
1831 439 2078 492 edentula,

216 544 416 594 Abludit
455 560 574 607 ergo
615 561 643 592 a
686 543 978 592 charactere
1017 540 1245 606 generis:
1291 540 1490 590 foliolis
1520 536 2077 606 ealycinisfpeissisten-

217 645 371 706 tibus,
414 642 594 706 petalis
638 642 843 706 erectis,
885 641 1134 705 unguibus
1176 640 1347 706 calyce
1391 640 1722 689 brevioribus.
1791 638 1934 706 Stylo
1962 656 2080 704 ger-

221 744 345 792 mine
390 742 647 803 breviore,
688 741 958 791 filamentis
1000 741 1275 802 edentuliS‚
1327 748 1528 805 praeter
1568 756 1660 789 sex
1699 739 2008 794 antherifera
2047 742 2080 790 4

219 842 483 893 castratis„
551 842 760 892 Habitat
800 843 851 892 in
890 842 1196 908 graminosis
1237 840 1405 892 siccis.
1481 840 1562 893 Fl.
1604 839 1762 906 Majo.
1825 865 1829 869 ·

303 1000 427 1052 881.
468 1006 537 1049 Α.
579 1003 955 1049 marie-atum
995 999 1112 1048 mihi
1156 998 1230 1049 vel
1271 990 1757 1048 tuberculatum.

359 1090 528 1149 Radix
568 1117 764 1165 annua,
825 1111 872 1148 ut
912 1099 961 1147 in
1004 1100 1352 1162 praet-edente.
1469 1097 1655 1148 Canles
1699 1097 1804 1148 basi
1847 1078 1990 1147 divisi
2032 1078 2081 1146 in

219 1199 387 1262 plures
430 1199 789 1255 ascendentes,
849 1197 1108 1261 superiore
1153 1204 1292 1258 parte
1335 1213 1593 1257 ramosoS,
1648 1180 1927 1260 palmares,
1979 1195 2084 1260 spi-

218 1293 572 1360 thamaeosve’,
605 1285 831 1358 teretes,
870 1295 1144 1345 tuberculis
1185 1295 1386 1344 minutis
1428 1296 1666 1357 scabros,
1711 1294 1825 1360 pilis
1867 1291 2082 1346 stellatis

219 1398 500 1462 subpatnlis
544 1392 702 1446 hirtos
745 1405 889 1461 atque
933 1396 1158 1445 incanos.
1236 1395 1383 1445 Folia
1436 1380 2084 1458 spathulato-la'nceolata,

220 1507 393 1561 acuta,
449 1497 803 1562 integerrima,
856 1499 1081 1562 utrinque
1140 1495 1251 1560 pilis
1291 1495 1506 1545 stellatis
1548 1496 1830 1561 subpatulis
1870 1493 2081 1556 in'cana3

218 1575 393 1648 subtus
436 1599 780 1660 tuberculata,
839 1615 992 1662 snpra
1034 1597 1240 1658 scabra,
1295 1596 1535 1647 inferiora
1576 1585 1641 1646 in*
1668 1597 1880 1662 petiolos
1923 1589 2085 1664 angu-

219 1694 379 1757 stata,
434 1716 628 1750 summa
663 1699 893 1760 sessilia‚
945 1698 1050 1747 basi
1095 1706 1257 1747 tamen
1301 1700 1612 1763 angustiora.
1726 1697 1907 1748 Flores
1948 1706 1998 1748 ut
2036 1698 2085 1747 in

219 1801 579 1865 praecedente,
622 1798 899 1863 pedunculo
944 1798 1189 1847 ccnnmuni
1234 1788 1591 1863 pedicellisque
1634 1798 1866 1864 hispidis.
1922 1775 2084 1863 Calyx

222 1910 425 1958 ovatus,
467 1899 725 1963 hispidns3
768 1899 955 1949 foliolis
989 1899 1219 1964 oblongis
1262 1916 1435 1964 parum
1478 1899 1747 1961 concavis,
1797 1898 2085 1949 acutiuscu-

223 2003 312 2064 lis,
355 2000 935 2051 tuberculato-scabris.
1025 1999 1253 2049 Stamina
1294 2000 1465 2066 calyce
1505 2000 1762 2065 longiora,
1816 1992 2085 2049 filamentis

224 2102 414 2165 planis,
472 2100 597 2150 binis
639 2099 951 2150 brevioribus
995 2117 1147 2162 snpra
1188 2100 1329 2149 basin
1372 2104 1515 2149 dente
1558 2100 1733 2149 lineari
1778 2095 1926 2166 longo
1969 2115 2087 2165 ger-

223 2218 332 2250 men
375 2208 605 2266 tegente,
665 2199 868 2265 reliquis
920 2200 1051 2250 infra
1093 2199 1285 2264 apicem
1330 2201 1445 2249 huic
1488 2200 1735 2250 denticulo
1778 2201 1964 2250 minuto
2008 2201 2084 2249 in-

224 2303 444 2352 structis,
559 2300 735 2351 Petala
776 2302 959 2367 pallide
1004 2301 1160 2363 flava,
1221 2301 1392 2367 calyce
1455 2301 1601 2367 paulo
1645 2301 1903 2366 longiora,
1968 2304 2087 2351 sub-

225 2403 464 2465 linearia,
504 2412 700 2465 erecta,
756 2403 903 2451 limbo
948 2403 1096 2468 paulo
1142 2403 1381 2467 ampliore
1426 2403 1738 2468 erna'rginato
1783 2420 1955 2468 parum
1997 2420 2087 2470 pa-

226 2507 347 2568 tula,
389 2522 553 2570 ungue
597 2504 762 2554 albido
804 2503 994 2553 inferne
1037 2513 1281 2568 angusto,
1326 2515 1435 2568 post
1475 2504 1707 2553 anthesin
1751 2504 2088 2568 persistentia,

224 2607 477 2658 dealbata.
556 2606 772 2655 Germen
814 2622 1187 2668 compressum,
1249 2606 1708 2667 suborbiculatum,
1763 2606 1877 2669 pilis
1919 2584 2087 2656 deii-sis

224 2709 473 2757 incanum.
588 2706 761 2772 Stylus
803 2706 1094 2767 subulatns,
1145 2706 1352 2770 glaber,
1404 2707 1627 2769 germine
1683 2708 1831 2771 paulo
1874 2706 2086 2757 brevior.

226 2808 436 2856 Silicnta
479 2823 621 2872 quam
664 2806 712 2856 in
770 2793 1100 2869 praecedente
1144 2815 1189 2854 et
1230 2809 1480 2874 calyce'no
1540 2807 1731 2872 major,
1793 2807 2089 2871 orbiculata,

224 2909 422 2972 integra
463 2891 585 2970 (non
628 2907 994 2975 emarginata),
1035 2910 1245 2968 scabra,
1288 2907 1503 2972 hispida.
1547 2907 1623 2956 Fl.
1666 2909 1714 2957 in
1755 2906 1850 2956 fine
1884 2907 2087 2972 Aprilis.

227 3008 595 3058 Conferendum
640 3026 746 3058 cum
787 3007 860 3059 A.
905 3008 1143 3060 sibe're‘GO.

314 3155 436 3206 882.
473 3159 696 3203 Braba
734 3170 950 3204 verna.

370 3252 576 3304 Habitat
627 3254 674 3303 in
726 3253 872 3302 cultis
928 3262 974 3301 et
1039 3252 1238 3302 imanis
1290 3252 1440 3300 siccis
1494 3253 1711 3317 apricis,
1776 3251 2085 3316 potissimum

227 3353 475 3404 arenosis
