2195 3657
1847 130 1966 190 109

199 279 320 332 493.
360 286 428 329 L.
469 282 713 330 stricta.
765 278 839 327 ΡΙ.
883 295 982 331 rar.
1022 278 1191 344 Huug.
1219 279 1253 330 l.
1297 287 1332 330 t.
1353 280 1440 330 48.

274 383 325 430 ln
368 379 509 429 silvis
550 387 597 428 et
637 378 884 428 fruticetis
923 378 1123 441 Budae,
1161 379 1380 444 Agriane,
1418 379 1480 429 ad
1522 377 1716 440 Parad,
1756 378 1803 427 in
1844 378 1967 444 Syr-

126 479 255 541 mio,
296 481 355 530 ad
398 477 647 530 Csakvar.

194 583 315 632 494.
354 587 421 630 1..
461 584 750 630 Scariola
787 579 847 630 L.
886 581 1103 630 virosa
1142 581 1337 631 Pollini.

269 680 434 731 Missa
472 697 503 731 a
543 679 800 744 Szontagb
843 681 933 729 sub
974 697 1053 729 uo.
1080 681 1129 730 6.

194 780 318 832 495.
358 785 424 828 I..
466 782 792 840 sagittata.
851 778 922 828 Pl.
963 795 1062 827 rar.
1090 778 1256 845 Hung.
1285 780 1322 831 l.
1364 788 1398 829 t.
1429 780 1476 830 1.

265 879 472 929 Habitat
512 879 561 927 in
600 877 739 928 silvis
779 885 827 927 et
854 877 1100 927 fruticetis
1129 877 1443 942 Hungariae,
1483 878 1767 940 Slavoniae,
1808 877 1968 929 Croa-

125 979 244 1031 tiae.
318 979 398 1047 (ln
437 977 687 1028 umbrosis
726 979 786 1027 ad
833 977 1041 1030 Godiillo'
1083 977 1242 1041 lecta,
1280 985 1383 1028 tota
1425 977 1607 1042 pallida
1649 982 1798 1042 erat.)

194 1079 315 1129 496.
355 1081 578 1136 cit-epis
618 1080 844 1137 rigida.
897 1076 972 1128 Pl.
1010 1093 1109 1128 rar.
1150 1077 1316 1142 Huug.
1348 1077 1384 1129 1.
1427 1086 1456 1126 t.
1492 1077 1571 1128 19.

264 1177 319 1227 In
357 1175 604 1227 montibus
643 1175 984 1239 Budensibus,
1025 1175 1315 1244 Tokayino.

194 1277 314 1329 497.
353 1281 416 1328 (3.
454 1280 727 1327 foetida.

275 1377 329 1427 lu
391 1376 668 1443 aggeribus
741 1394 829 1442 per
898 1376 1187 1428 calidiorem
1252 1374 1591 1440 Huugariam,
1658 1375 1967 1435 Slavouiam,

124 1475 400 1529 Croatiam.

194 1591 314 1642 498.
356 1592 418 1640 G.
459 1591 882 1649 scelmsiensis
921 1587 1058 1638 mibi.

265 1685 434 1737 Radix
474 1702 704 1750 ramosa,
765 1685 925 1737 fusca.
1004 1685 1176 1736 caulis
1218 1684 1451 1750 sesqui-,
1514 1701 1628 1735 raro
1666 1683 1966 1749 3-pedali8,

124 1793 353 1849 erectus,
393 1780 606 1836 culmum
648 1786 795 1836 tritici
837 1786 1067 1838 crassitie
1109 1802 1332 1851 aequans
1366 1792 1450 1836 aut
1492 1803 1666 1851 parum
1704 1800 1966 1849 superam,

101 1881 413 1946 fistulosus,
462 1882 1009 1949 sulcato-angulanis,
1072 1883 1305 1933 inferiore
1348 1891 1484 1947 parte
1526 1883 1638 1947 pilis
1679 1884 1968 1948 adspersus,

124 1999 339 2048 superne
378 1991 463 2033 aut
503 1983 649 2034 etiam
691 1984 892 2048 glaber,
929 1983 1116 2046 laevis,
1157 2000 1218 2033 ex
1259 1984 1486 2033 omnibus
1527 1982 1753 2032 soliorum
1779 1981 1967 2044 axillis,

125 2080 272 2131 etiam
312 2079 518 2145 infimis,
579 2081 679 2131 ima
719 2090 765 2130 et
806 2090 946 2145 parte
988 2081 1142 2131 radici
1187 2081 1414 2145 proxima
1453 2097 1845 2146 nonnumquam,
1887 2096 1968 2131 ra-

122 2197 231 2230 mos
271 2182 422 2232 edens
463 2190 684 2244 erectos,
734 2181 935 2243 iterum,
991 2189 1040 2231 ut
1080 2198 1211 2246 apex
1253 2181 1438 2244 caulis,
1487 2182 1673 2231 divisos
1713 2181 1761 2230 iu
1802 2180 1967 2246 plures

125 2288 299 2330 tenues
358 2289 553 2331 erectos
607 2281 929 2346 pedunculos.
1013 2281 1162 2332 Folia
1213 2281 1456 2333 radicalia
1503 2280 1793 2343 ruiirinata,
1850 2281 1968 2329 sub-

122 2380 348 2446 hispida3
412 2381 609 2432 caulina
661 2390 880 2444 remota,
930 2382 1172 2445 indivisa,
1223 2382 1594 2445 obtusiuscula,
1641 2381 1968 2431 remotissime

124 2480 453 2544 denticulata,
512 2497 666 2546 supra
705 2483 959 2545 subnuda,
1016 2490 1101 2532 aut
1144 2481 1256 2547 pilis
1298 2482 1426 2533 raris
1465 2484 1736 2547 adspersa,
1793 2482 1965 2531 subtus

126 2579 378 2645 pluribus,
443 2581 739 2645 pracsertim
791 2582 929 2631 rachi
973 2581 1164 2644 obsita,
1214 2581 1459 2647 oblonga,
1517 2580 1756 2630 iuferiora
1793 2595 1967 2630 versus

125 2679 266 2730 basin
307 2670 608 2746 augustata,
660 2680 878 2732 infimum
919 2699 1015 2732 uon
1055 2698 1170 2732 raro
1214 2683 1531 2748 petiolatum,
1581 2681 1773 2746 reliqua
1814 2679 1970 2730 sessi-

123 2781 223 2846 lia,
279 2781 544 2846 superiora
601 2782 911 2845 lanceolata,
969 2783 1312 2844 acutiuscula,
1378 2781 1731 2847 integerrima3
1800 2795 1970 2832 ramea

125 2880 365 2944 linearia,
429 2881 541 2931 dein
594 2883 1113 2934 subulam-linearia.
1226 2883 1406 2933 Flores
1455 2882 1757 2948 paniculati,
1818 2880 1966 2945 duplo

127 2984 342 3035 minores
374 3001 521 3051 quam
558 2985 606 3034 in
646 2984 854 3048 be’emu’,
895 2985 1085 3049 erecti,
1125 2984 1171 3035 in
1211 2985 1504 3049 pedunculis
1541 3003 1585 3035 v.
1628 2982 1968 3049 pollicaribus,

130 3085 677 3150 2—3-pollicaribus‚
720 3087 979 3149 tenuibus,
1030 3085 1251 3152 glabris,
1291 3085 1468 3136 foliolo
1507 3083 1965 3136 lineari-subulam

126 3184 385 3235 instructis
433 3194 534 3236 aut-
575 3186 812 3252 aphyllis.
925 3185 1250 3252 Calyxaute
1303 3184 1631 3236 evolutionem
1682 3185 1965 3234 subtemen·-

129 3291 266 3333 tosus
305 3284 504 3333 demumr
532 3284 840 3348 calvescenS,
880 3285 1102 3351 squamis
1127 3285 1426 3348 linearibus,
1466 3283 1793 3335 exterioribus
1821 3279 1965 3344 duplo

129 3382 455 3435 brevioribus,
532 3383 767 3434 Corollae
813 3423 822 3436 .
864 3421 876 3436 .
914 3422 925 3436 .
966 3421 980 3437 .
1067 3386 1272 3451 Pappus
1311 3386 1503 3450 pilosus
1543 3382 1753 3434 sessiliS.
