2195 3657
1881 79 1964 138 53

130 215 312 266 nullae.
389 217 594 268 Amenta
637 220 906 282 cylindris-a
964 222 1222 285 opposita,
1279 230 1363 271 aut
1418 225 1771 287 subopposita,
1831 229 1960 278 foliis

131 315 327 379 proprie
368 316 548 367 talibus
591 319 855 376 destituta,
898 318 929 367 i.
965 336 1007 368 e.
1046 322 1232 385 absque
1273 320 1390 369 folio
1433 338 1456 368 e
1497 338 1690 385 gemma
1731 341 1822 375 sua
1860 327 1960 376 sin-

126 415 243 477 gula
284 416 604 478 prodeuntia,
646 418 848 481 patula,
888 419 1167 482 praecocia.
1244 419 1514 470 Foeminea
1554 422 1958 487 semipolncaria,

127 515 315 563 demum
359 516 506 579 paulo
547 516 802 580 longiora,
845 518 1049 566 floribus
1075 518 1409 579 densissimis3
1454 520 1756 583 germinibus
1781 524 1957 585 ovatis,

124 613 536 678 pubescentibns3
581 615 815 681 stigmate
855 617 1051 675 sessili,
1103 617 1431 682 emarginato.
1511 618 1730 684 Squama
1769 623 1956 672 brevis-

122 710 275 770 sima,
318 726 566 772 concava,
606 712 940 773 subrotunda,
982 712 1120 761 fusca
1161 713 1334 776 nigra,
1385 722 1528 763 extus
1571 716 1681 778 pilis
1721 718 1954 768 tenuissi-

120 807 213 857 mis
253 808 582 874 longiusculis
621 811 748 860 albis
791 811 968 860 obsita.
1058 811 1280 875 Capsnla
1331 814 1570 878 oblonga,
1621 817 1953 882 subelliptica‚

118 924 294 957 versus
348 908 537 972 apicem
599 910 743 973 paulo
815 910 1036 975 tenuior,
1104 913 1408 974 pubescens,
1475 914 1694 976 sessilis,
1759 918 1953 980 obtusa,

119 1007 350 1071 stigmate
389 1008 532 1071 nigro
584 1008 898 1071 persistente.
995 1009 1066 1057 Ad
1122 1018 1355 1074 stagnum.
1405 1009 1451 1059 in
1500 1012 1641 1061 horto
1693 1014 1951 1080 Orczyano

116 1105 353 1156 Pe'sthini.
467 1106 616 1155 Basin
661 1108 1042 1171 pedunculornm
1085 1110 1271 1172 stipant
1308 1109 1425 1159 solia
1463 1110 1497 1160 3
1522 1139 1590 1147 -ψ-
1616 1113 1674 1173 4,
1716 1114 1949 1179 oblonga,

115 1221 349 1269 recurva,
404 1207 611 1268 obtusa,
662 1206 999 1271 integerrima.
1086 1208 1400 1259 Peduncnlns
1434 1210 1651 1275 J‘ulornm
1689 1212 1950 1262 albo-vil-

111 1306 266 1354 lesus·

181 1417 297 1466 221.
338 1421 395 1465 S.
436 1419 952 1467 Waldsteiniana..

255 1508 440 1557 Gehort
481 1510 609 1558 nach
651 1509 885 1561 Rochel’s
925 1512 1168 1575 Meinung
1207 1530 1293 1561 zur
1330 1513 1382 1563 S.
1424 1514 1612 1580 alpina
1652 1514 1831 1580 Scop,
1883 1516 1944 1569 S.

94 1606 349 1670 formosa
390 1603 486 1651 Wil
497 1603 559 1653 ld.

725 1773 1316 1842 Chenopodeae.

172 1891 292 1940 222.
333 1890 688 1938 Salicornia
725 1895 1060 1938 herbacea.

243 1988 448 2036 Habitat
488 1988 534 2035 in
577 1987 727 2036 salsis
767 1989 826 2036 ad
869 1987 1244 2039 Fok-Szabadi
1287 1989 1415 2041 Cott.
1461 1990 1703 2054 Vespr-im,
1742 1992 1797 2038 ad
1834 1993 1940 2040 Aba

104 2095 149 2135 et
190 2086 238 2134 in
280 2084 482 2148 praedio
525 2083 608 2132 Sz.
651 2082 768 2132 {vein
810 2083 946 2134 Com.
988 2085 1237 2135 Albensis.

170 2184 290 2235 223.
331 2185 623 2240 Atriplex
659 2185 966 2231 laciniam
1006 2183 1254 2256 Winterl9

240 2279 331 2329 Est
382 2295 501 2328 vera
539 2278 606 2329 A.
648 2283 889 2328 tatarica
930 2280 1088 2331 Gmel.
1140 2282 1233 2332 sib.
1285 2282 1353 2330 iii.
1405 2290 1436 2334 t.
1472 2283 1550 2334 14.
1599 2282 1634 2333 f.
1669 2285 1731 2344 1,
1797 2285 1936 2349 cnjus

103 2380 348 2445 opinionis
389 2379 537 2429 etiam
579 2378 877 2429 Willdenow
915 2388 1003 2429 est.

169 2493 288 2542 224.
327 2497 397 2540 A.
438 2493 870 2551 angustifolia.

240 2591 311 2639 Ad
352 2588 589 2639 Miskolc.
667 2589 717 2636 In
760 2586 1040 2637 definitione
1083 2597 1246 2637 tamen
1300 2590 1458 2640 caulis
1510 2591 1812 2643 divaricatus
1861 2594 1933 2641 di-

98 2689 254 2750 citur,
296 2688 422 2752 quod
464 2694 665 2736 nostrae
706 2703 804 2734 non
844 2684 1088 2734 convenit.

167 2796 286 2847 225.
329 2802 399 2844 A.
439 2797 802 2854 botryoides
842 2794 974 2842 mihi.

236 2889 401 2939 Radix
440 2905 636 2950 annua,
695 2888 948 2949 flexuosa,
1008 2888 1166 2936 latere
1217 2887 1466 2938 radiculas
1506 2887 1718 2938 fibrosas
1762 2907 1929 2939 nnme-

94 3004 241 3038 rosas
281 2989 460 3049 edenS,
499 2987 695 3036 sordide
736 2987 924 3038 albens.
1003 2985 1174 3035 Caulis
1215 2993 1440 3049 erectus,
1482 2987 1509 3036 1
1543 3017 1606 3024 —
1635 2987 1930 3051 3-pedalis,

97 3091 271 3138 obtuse
324 3087 724 3153 quadrangulus,
784 3089 843 3137 ad
908 3095 1063 3135 ortum
1125 3103 1370 3135 ramorum
1423 3086 1760 3147 incrassatus,
1811 3090 1928 3136 sub-

95 3205 440 3252 compressus,
476 3187 717 3238 lateribus
758 3187 886 3237 binis
927 3187 1187 3237 latioribus
1226 3195 1310 3237 aut
1350 3186 1510 3250 planis
1550 3193 1633 3235 aut
1674 3186 1926 3235 excavatis

97 3306 184 3338 sen
235 3287 610 3349 canaliculatiS,
669 3288 780 3337 aliis
829 3289 1019 3337 duobus
1071 3287 1337 3349 convexis,
1405 3303 1660 3348 ramosus,
1717 3285 1765 3335 in
1818 3286 1922 3334 solo
