2195 3657
1848 135 1970 197 137

671 346 1420 416 §erophularineaa

198 479 322 530 632.
362 483 741 527 verbascum
778 482 1087 535 Thapsus.

273 576 326 624 ln
367 573 589 639 planiore
629 571 893 637 Huugaria
931 574 1156 637 nuspiam
1197 575 1322 638 vidi,
1386 593 1478 626 nec
1518 577 1565 627 iu
1606 587 1834 630 montosa
1871 582 1973 631 fre-

128 692 309 742 queus3
376 674 425 723 iu
479 680 642 722 moute
693 671 981 737 Biikkhegy
1028 673 1090 723 ad
1129 673 1408 741 Diosgyiir,
1464 677 1511 726 in
1564 678 1835 745 Seepusio‚
1891 683 1969 731 ubi

128 772 277 822 etiam
318 769 478 820 rarius
518 768 563 817 iu
606 767 855 817 ruderatis
898 768 1129 818 occurrit.

197 899 318 950 633.
357 903 424 947 V.
465 898 874 957 phlomoides.

267 993 529 1045 Couseutit
566 993 866 1043 Willdeuow
907 992 954 1041 iu
992 991 1086 1043 litt,
1128 992 1204 1042 cui
1246 996 1336 1043 sub
1376 995 1427 1045 it.
1456 996 1519 1046 ΙΙ.
1559 996 1777 1049 missum.
1836 1000 1969 1049 Idem

125 1093 336 1155 asserit,
393 1100 616 1141 nostrum
668 1092 763 1141 hoc
811 1091 1140 1155 hungaricutu
1204 1109 1312 1141 cum
1366 1092 1576 1144 Liuuaei
1640 1096 1969 1161 descriptione

126 1192 417 1253 convenire,
474 1193 558 1240 sed
614 1207 643 1241 a
697 1191 865 1254 planta
904 1191 1104 1240 Allionii
1156 1191 1460 1256 discrepare.
1574 1194 1647 1244 Au
1699 1192 1758 1245 V.
1798 1214 1971 1261 rugu-

123 1294 291 1341 losum
310 1288 340 1341 ,ἵ

193 1419 316 1470 634.
357 1424 422 1468 V.
470 1421 889 1469 acuminatum
929 1420 1062 1471 mihi.

267 1516 359 1569 Est
409 1514 471 1568 V.
512 1514 803 1584 speciosum
844 1521 970 1570 bort.
1001 1520 1165 1571 Goett.
1209 1530 1238 1569 t.
1266 1521 1345 1572 16.
1387 1519 1673 1581 Schraderi,
1714 1528 1764 1570 ut
1802 1521 1883 1570 hic
1923 1522 1970 1571 in

124 1618 214 1666 litt.
255 1616 525 1682 siguificat.
616 1614 678 1666 V.
719 1628 920 1668 tortum
960 1620 1073 1669 mihi
1118 1621 1264 1670 etiam
1306 1620 1428 1668 idem
1483 1616 1543 1670 V.
1581 1623 1830 1686 specioso.

192 1746 311 1796 635.
353 1752 419 1795 V.
463 1750 846 1796 slavonicum
887 1748 1017 1798 mihi.

259 1845 543 1896 Proximum
594 1844 654 1895 V,
706 1845 949 1914 Thapso,
992 1850 1077 1897 sed
1121 1848 1242 1898 folia
1284 1847 1742 1898 semidecurreutia.
1818 1848 1861 1898 A
1911 1846 1969 1896 V.

120 1946 370 2009 elongato
426 1946 674 1996 diversum
716 1948 919 2001 corollis
974 1947 1114 1997 flavis
1170 1956 1296 2010 ete,
1335 1964 1363 1997 a
1415 1944 1474 1996 V.
1518 1946 1799 2015 thapsoz'de
1838 1947 1970 1997 foliis

120 2036 416 2094 densissime
458 2046 767 2095 tomentosis.
844 2045 1108 2096 Caeterum
1152 2047 1311 2097 caulis
1355 2054 1579 2107 erectus,
1632 2045 1843 2109 simplex
1885 2055 1968 2096 aut

120 2159 334 2207 superne
389 2160 646 2205 ramosus,
709 2146 1105 2210 subaugulatus,
1169 2147 1319 2194 dense
1387 2152 1712 2196 tomentosus.
1822 2144 1969 2193 Folia

119 2243 219 2291 lato
239 2242 587 2306 -lauceolata,
638 2253 812 2306 acuta,
867 2254 1106 2306 crcuata,
1160 2244 1385 2310 utrinque
1437 2242 1728 2294 densissime
1781 2252 1969 2293 tomeu-

121 2342 477 2400 toso-lauata,
519 2341 758 2392 iuferiora
801 2343 907 2392 basi
953 2351 1254 2408 augustata,
1313 2342 1511 2393 cauliua
1551 2342 1782 2405 sessilia,
1821 2360 1969 2407 supe-

119 2443 253 2492 riora
304 2442 749 2492 semideeurreutia
872 2442 1052 2492 Florcs
1112 2442 1146 2493 3
1177 2445 1297 2492 -4
1346 2443 1394 2492 in
1450 2442 1673 2508 glomera
1725 2443 1967 2507 congesti,

120 2541 344 2607 glomera
385 2541 430 2590 iu
471 2542 660 2605 spicam
702 2541 979 2606 disposita,
1047 2542 1237 2591 inferne
1289 2549 1506 2603 remota,
1561 2558 1775 2606 superne
1816 2542 1967 2591 deuse

121 2649 391 2706 congesta,
444 2640 648 2691 suffulta
689 2643 891 2691 bractea
932 2641 1039 2691 basi
1083 2651 1257 2704 ovata,
1310 2642 1359 2690 iu
1410 2642 1692 2706 cuspidem,
1743 2640 1969 2706 glomer-a

124 2747 420 2804 aequantem
450 2747 722 2804 protracta.
782 2737 987 2805 Calycis
1013 2737 1229 2789 laciniae
1253 2738 1593 2801 lamentatae,
1634 2738 1967 2788 acutissimae.

121 2837 324 2889 Corolla
352 2833 656 2904 VThapsz‘,
700 2838 785 2887 sed
820 2836 996 2900 minor,
1037 2846 1183 2887 extus
1212 2846 1505 2887 tomentosa.
1565 2837 1967 2888 Filameutavtria

122 2946 261 3004 parte
283 2937 541 3002 superiore
563 2939 715 2987 dense
744 2938 974 3001 barbata,
1000 2937 1113 3000 pilis
1135 2923 1523 2987 flavescentibus
1547 2936 1779 2987 inferiore
1813 2945 1969 3001 parte,

121 3039 332 3103 binaque
382 3036 482 3086 alia
534 3044 637 3086 tota
686 3036 883 3101 glabra.
962 3035 1170 3099 Caulis,
1225 3037 1374 3100 folia,
1440 3038 1704 3098 bracteae,
1769 3036 1966 3102 calyces

122 3135 418 3187 densissime
457 3135 988 3199 lanato-tomentosa,
1031 3135 1143 3201 pilis
1184 3135 1416 3186 ramosis.
1469 3136 1595 3200 Legi
1638 3137 1685 3185 in
1710 3134 1965 3185 Slavouia.

192 3264 311 3316 636.
352 3268 419 3312 V.
458 3267 807 3314 floccosum.

265 3363 323 3412 In
358 3361 638 3424 Murakiiz,
686 3364 748 3413 ad
788 3361 1122 3414 Varasdinum
1162 3368 1209 3411 et
1248 3359 1517 3411 Koreniea.
