2195 3657
1866 103 1940 163 13

758 436 1270 504 Gyperaceae.

171 571 254 619 45.
296 571 499 618 Garex
537 572 951 629 stenophyua.
1026 573 1088 617 0.
1130 573 1481 629 glomerata
1519 568 1660 617 Host.

235 669 287 717 In
327 668 532 732 spiculis
571 667 750 717 infimis
790 685 1154 733 nonnumquam
1196 669 1343 719 etiam
1375 669 1694 718 flosculorum
1734 668 1938 718 inferio-

93 785 200 817 rum
240 769 434 833 quidam
473 768 684 819 masculi
723 776 850 820 sunt.

93 892 95 894 ’
165 882 250 931 46.
294 884 354 930 0.
394 883 722 930 muricata.

234 979 421 1030 Nostra
471 997 495 1028 e
537 979 675 1030 silvis
729 988 803 1028 est
843 976 893 1028 C.
934 982 1203 1028 ηιηνίσατα
1247 978 1405 1028 Good.
1446 996 1541 1028 non
1584 979 1810 1029 Linnaei.
1879 978 1931 1028 C.

92 1079 371 1129 stellulata
428 1080 583 1129 Good.
647 1087 810 1130 autem
880 1088 953 1128 est
1025 1083 1297 1128 nutricata
1353 1078 1501 1128 Linn.
1566 1079 1614 1128 in
1676 1078 1935 1143 paludibus

95 1193 344 1228 crescens.

181 1289 264 1338 47.
305 1291 368 1337 0.
409 1303 687 1338 convexa
728 1288 857 1336 mihi.

236 1387 388 1452 Spica
429 1389 729 1453 composita:
772 1388 978 1450 spiculis
1019 1388 1392 1450 subsessilibns,
1427 1388 1812 1453 approximatis,
1852 1407 1935 1439 su-

94 1503 243 1552 perne
285 1485 547 1547 masculis,
588 1485 933 1547 silbrotiimlis,
973 1484 1139 1534 intima
1180 1486 1554 1549 remotiuscula,
1595 1488 1780 1550 stipata
1822 1491 1935 1538 bra—

93 1594 201 1636 ctea
243 1586 538 1637 brevissima
577 1595 806 1645 setaeea3
860 1586 1100 1636 fructibus
1142 1586 1530 1650 patentissimis,
1584 1588 1777 1651 nitidis,
1830 1590 1934 1639 lae-

89 1687 260 1746 vibus,
313 1686 576 1737 simillimis
616 1687 715 1737 illis
753 1687 805 1734 U.
848 1687 1120 1735 de‘vulsae:
1174 1688 1334 1737 ovatis
1376 1705 1578 1751 nempe,
1631 1699 1775 1738 extus
1817 1706 1934 1739 con-

91 1787 259 1849 vexis,
298 1786 431 1836 intus
474 1786 654 1849 planis,
696 1786 1004 1851 marginatis,
1046 1787 1268 1851 margine
1295 1787 1538 1850 laevibus,
1579 1789 1718 1853 apice
1743 1789 1932 1851 bifidis3

85 1888 244 1937 culmo
285 1887 608 1953 triangulari,
662 1887 903 1937 lateribus
954 1889 1217 1948 convexis,
1270 1888 1468 1952 angulis
1511 1890 1599 1938 sub
1636 1890 1774 1951 spira
1817 1906 1930 1940 sca-

88 1987 218 2051 bris,
259 1996 509 2037 caeterum
549 1987 788 2037 laevibus.
867 1986 1011 2036 Folia
1049 1987 1284 2049 linearia,
1324 1987 1505 2053 laevia,
1545 1987 1716 2052 nitida,
1758 1989 1927 2039 carina

87 2096 133 2136 et
172 2087 480 2151 marginibus
522 2091 720 2138 scabra.
796 2087 1009 2136 Bractea
1050 2105 1398 2152 nonnunquam
1456 2089 1677 2153 spirulas
1719 2090 1927 2140 excedit.

85 2186 290 2237 Habitat
330 2186 380 2235 in
421 2187 578 2251 pratis
618 2186 848 2235 humidis.

172 2302 255 2351 48.
297 2304 359 2350 0.
399 2304 698 2349 turfacea
734 2300 872 2350 mihi.

156 2399 238 2448 49.
281 2402 343 2448 0.
384 2406 754 2450 subramosa
792 2399 905 2448 mihi
954 2399 1016 2444 :z'
1054 2404 1117 2452 0.
1159 2416 1492 2452 nemorosa
1517 2402 1819 2455 annitzer.

156 2513 240 2563 50.
284 2515 346 2562 0.
388 2520 714 2572 paradoxa
752 2514 920 2564 Willd.

228 2615 321 2666 Est
360 2633 479 2666 vera
520 2615 572 2667 C.
611 2633 897 2666 canescens
942 2617 1000 2668 L.
1044 2618 1227 2668 fatente
1268 2619 1378 2683 ipso
1405 2618 1718 2670 Willdenow.

154 2727 239 2776 51.
280 2728 342 2775 0.
382 2729 637 2777 humilis
679 2727 907 2790 Schreb„
947 2730 1446 2796 &zelandestina
1485 2730 1706 2779 Gooden.

224 2825 430 2876 Habitat
470 2828 518 2875 in
555 2829 802 2878 montibus
842 2829 1028 2893 apricis
1068 2831 1254 2881 Budae.

153 2937 237 2988 52.
278 2940 340 2986 0.
382 2940 671 2998 digitata.

227 3036 421 3087 Crescit
459 3038 508 3087 in
547 3039 705 3088 silvis.
780 3040 952 3090 Floret
993 3043 1082 3091 snb
1126 3041 1270 3091 finem
1311 3041 1500 3092 Martii.

172 3149 255 3200 53.
298 3154 360 3200 0.
400 3156 765 3202 truncatula
805 3154 939 3203 mihi.

111 3263 114 3266 ’
169 3250 258 3301 54.
295 3253 357 3299 0.
396 3257 693 3301 montana
731 3251 884 3314 Host,
923 3257 986 3303 0.
1027 3256 1257 3318 collina
1295 3254 1517 3304 Gooden.

223 3347 429 3399 Habitat
468 3350 517 3399 in
557 3351 803 3401 montibus
843 3352 1163 3402 budensibus.
