2195 3657
1806 134 1930 193 205

92 289 146 336 In
202 287 388 351 campis
448 286 596 336 siccis
646 286 705 333 ad
762 285 1081 337 Brezovicam
1133 287 1181 336 iu
1233 285 1456 336 Oroatia.
1568 286 1639 334 Ad
1707 284 1929 333 acidulas

92 384 385 434 Mercenses
425 385 719 433 occurrebat
761 391 857 432 tam
900 399 1111 448 magna,
1152 392 1202 433 ut
1242 400 1330 447 pro
1371 380 1446 433 A.
1485 386 1702 432 marina.
1743 383 1932 431 babue-

90 484 181 533 rim
223 483 379 547 primo
417 484 625 543 intuitu3
679 481 916 546 capsulae
959 498 1042 532 ore
1083 481 1243 532 trifido
1286 482 1559 532 debiscunt.

179 583 302 633 924.
341 587 410 631 A.
451 584 719 631 marina.

230 677 374 727 Folia
415 695 509 726 non
550 693 662 726 raro
705 686 754 724 ut
793 675 841 724 in
882 677 1228 739 praecedente,
1270 677 1447 739 setula,
1488 677 1573 726 sed
1617 675 1787 734 brevi,
1829 691 1934 722 mu·

92 786 324 836 cronata3
352 762 354 765 V
383 793 504 841 ergo
545 785 690 826 nota:
745 775 880 823 foliis
919 775 1141 837 muticis,
1195 793 1219 824 e
1260 775 1541 826 definitione
1584 776 1932 840 expungenda.

93 877 319 928 Occurrit
358 877 646 941 quandoque
689 883 794 924 tota
836 874 937 922 fere
979 874 1185 939 glabra,
1239 875 1529 938 pedunculis
1580 874 1931 939 calycibusque

90 985 278 1027 tantum
331 976 413 1024 vix
452 974 737 1024 notabiliter
778 974 1178 1037 pubescentibus.
1273 973 1498 1022 Stamina
1539 973 1572 1022 3
1599 1003 1661 1008 —
1690 977 1720 1021 4
1762 975 1932 1020 obser-

90 1077 221 1126 vavi.
333 1073 525 1123 Crescit
576 1073 621 1122 in
663 1073 1000 1135 snbhnmidis‚
1052 1073 1230 1134 salsis,
1280 1073 1532 1122 sabulosis
1573 1073 1630 1120 ad
1673 1070 1794 1119 Biha
1839 1071 1934 1118 cir-

92 1192 201 1225 cum
245 1175 406 1224 lacum
447 1190 534 1223 seu
580 1173 805 1237 paludem
849 1173 1064 1235 salsum,
1107 1174 1174 1221 ita
1216 1182 1261 1222 et
1302 1173 1488 1233 Budae,
1528 1180 1627 1220 tum
1667 1172 1728 1219 ad
1771 1172 1929 1219 lacum

91 1275 476 1336 Velencensem,
545 1282 591 1323 et
644 1292 731 1337 per
783 1273 1033 1337 planitiem
1087 1273 1217 1321 inter
1257 1271 1535 1322 Danubium
1588 1279 1633 1320 et
1675 1269 1931 1320 Tibiscum

92 1376 298 1441 passim.
944 1424 947 1426 .

161 1485 281 1536 925.
323 1489 392 1532 A.
432 1485 867 1544 gram-initulis»
886 1484 1055 1534 Willd.
1098 1500 1194 1545 en.,
1233 1483 1530 1547 longe'fole'a
1568 1483 1638 1530 M.
1667 1481 1722 1529 B.

232 1583 396 1631 Radix
459 1582 708 1646 perennis.
807 1581 990 1632 Caules
1047 1582 1228 1643 erecti,
1301 1581 1533 1645 pedales,
1602 1580 1934 1642 longioresve,

94 1690 304 1743 teretes,
354 1681 543 1746 glabri,
594 1682 794 1744 laeves,
844 1682 1088 1747 geniculis
1138 1682 1267 1731 infra
1319 1680 1598 1745 paniculam
1646 1680 1935 1744 plerumque

93 1782 125 1833 '7
162 1782 474 1832 interstincti.
577 1782 722 1832 Folia
784 1784 1272 1843 lineari-sulmlata,
1331 1780 1680 1840 subt-arinata,
1744 1778 1935 1834 striata,

92 1883 288 1947 glabra,
329 1883 508 1945 laevia,
552 1883 859 1948 marginibus
890 1884 1156 1944 serrulata,
1200 1879 1461 1929 denticulis
1503 1878 1716 1928 setaccis
1742 1877 1930 1926 brevis-

94 1982 258 2045 simis,
296 1982 530 2032 inferiore
575 1992 713 2048 parte
752 1986 1132 2034 membranacea
1174 1991 1401 2031 connata.
1492 1980 1667 2028 Flores
1707 1978 1755 2025 iu
1789 1977 1937 2051 ⁸pani-

93 2083 207 2132 cula
258 2082 529 2144 terminali,
588 2084 914 2146 trichotoma,
977 2099 1127 2147 saepe
1190 2082 1394 2144 insuper
1448 2079 1496 2128 in
1549 2095 1685 2128 ramo
1736 2075 1935 2126 axillari

92 2183 221 2232 infra
271 2183 552 2247 paniculam
608 2192 782 2233 enato:
835 2183 1124 2248 pedunculis
1177 2181 1445 2238 teretibus,
1505 2178 1725 2243 glabris,
1779 2175 1935 2225 laevi-

94 2285 210 2340 bus3
261 2282 477 2331 bracteis
520 2283 910 2333 membranaceis
952 2283 1225 2343 subulatis,
1266 2280 1531 2340 carinatis,
1572 2278 1740 2327 carina
1786 2291 1936 2338 saepe

95 2381 304 2427 obscure
347 2380 844 2443 purpurascentibus.
925 2378 1137 2444 Calyces
1178 2377 1367 2442 glabri,
1408 2377 1604 2431 laeves,
1647 2373 1822 2436 nitidi3
1860 2372 1937 2421 fo·-

92 2474 224 2524 liolis
264 2477 809 2536 subrotundo-ovatis,
863 2475 1222 2535 obtusissimis,
1281 2471 1504 2536 margine
1546 2470 1936 2519 membranaceis

96 2573 304 2636 albidis,
364 2577 510 2623 dorso
572 2574 1011 2635 viridescentibus,
1066 2571 1395 2623 subenerviis.
1506 2569 1708 2619 Corolla
1766 2569 1936 2635 calyce

97 2673 206 2738 plus
247 2689 390 2738 quam
434 2673 583 2738 duplo
625 2673 868 2737 longiori,
903 2673 1046 2733 alba3
1089 2672 1268 2737 petalis
1297 2668 1540 2719 obovatis.
1616 2667 1849 2717 Schultes
1887 2667 1937 2716 in

95 2768 174 2820 Fl.
216 2768 354 2819 Oest.
395 2769 466 2819 A.
501 2786 788 2835 proceram
812 2771 1028 2835 Spreng.
1071 2768 1303 2818 nominat.
1380 2765 1526 2815 Prius
1567 2782 1654 2829 pro
1670 2763 1737 2814 A.
1762 2779 1939 2812 saxa-

94 2866 224 2919 tili?
262 2869 446 2927 habui3
489 2869 736 2934 Sprengcl
780 2871 974 2919 dubium
1011 2870 1172 2920 solvit.
1228 2868 1431 2919 Habitat
1472 2868 1533 2915 ad
1576 2865 1846 2931 Gyiingyiis
1886 2863 1934 2912 iu

95 2970 332 3036 regione,
373 2987 498 3036 quae
529 2970 665 3020 Bena
705 2970 884 3021 dicitur
922 2984 969 3020 et
1008 2973 1071 3020 adv
1110 2969 1427 3034 lapicidinam
1469 2965 1700 3031 Sarhegy
1739 2965 1936 3025 ibidem,

97 3080 196 3119 tum
247 3071 306 3119 ad
357 3070 588 3135 oppidum
642 3069 722 3119 Sz.
770 3070 935 3120 Andre
986 3086 1160 3119 versus
1212 3067 1387 3118 silvam
1438 3082 1534 3116 non
1587 3065 1755 3129 procul
1808 3063 1939 3113 mola

99 3168 295 3233 papyrh

185 3269 305 3318 926.
346 3272 415 3316 A.
455 3282 668 3317 verna.

259 3362 362 3412 Sub
426 3364 622 3412 nomine
682 3362 749 3413 A.
798 3364 1119 3410 semiteretis
1181 3360 1433 3426 descripta
1496 3368 1543 3409 et
1590 3357 1933 3409 Willdenowio
