2195 3657
1860 164 1985 225 285

145 323 253 356 cum
293 307 500 372 impari3
543 307 728 357 foliolis
769 307 956 370 ovatis,
995 309 1157 359 acutis
1199 308 1492 373 simpliciter
1531 312 1764 374 serratis,
1817 330 1981 365 serra-

145 405 268 454 turis
324 405 640 456 acuminatis.
751 397 976 470 Stipulae
1038 409 1297 470 dentatae,
1356 420 1695 461 mucronatae.
1805 412 1980 462 Petioli

143 521 426 553 communes
491 503 809 567 paucissimis
860 505 1069 555 nullisve
1129 506 1334 558 aculeis.
1446 507 1622 559 Flores
1685 514 1983 578 corymbosi,

143 603 382 666 conferti,
452 603 669 652 breviter
731 604 1066 666 pedunculati.
1179 605 1413 656 Germiua
1481 608 1718 671 globosa,
1786 613 1982 675 glabra.

141 701 320 752 Flores
359 719 458 751 non
497 702 610 752 vidi.
686 702 869 752 Nescio
908 704 987 752 ubi
1045 704 1090 752 iu
1131 703 1393 768 Hungaria
1448 706 1595 758 lecta.
1672 713 1745 758 Au
1778 708 1845 760 R.
1887 728 1980 759 m·-

139 797 356 850 vensis?
405 802 492 850 sed
550 801 813 864 pedunculi
865 804 1067 864 breves,
1127 803 1319 867 glabri,
1378 821 1468 853 nec
1517 806 1611 855 nisi
1667 824 1780 858 raro
1831 810 1981 875 aliqui

140 900 262 948 setis
302 898 618 963 paucissimis
658 898 915 962 adspersi3
981 899 1149 964 petioli
1203 901 1537 951 subinermes:
1597 904 1746 954 flores
1786 924 1978 973 corym-

139 1001 245 1050 bosi
287 999 526 1061 conferti,
588 1015 679 1047 nec
730 997 1035 1047 subsolitarii
1095 1007 1189 1049 etr.
1264 999 1498 1050 Forsitan
1535 998 1605 1048 R.
1647 1004 1980 1072 rubrzjfble'm·

141 1113 286 1162 quae,
325 1096 485 1161 qualis
523 1098 584 1147 ad
610 1096 828 1159 Gospicb
870 1097 1003 1147 lecta
1043 1109 1146 1159 est,
1187 1097 1334 1147 etiam
1375 1100 1598 1163 germina
1639 1102 1848 1165 globosa
1889 1120 1977 1152 ex·-

138 1196 310 1259 hibuit,
352 1213 476 1262 quae
518 1198 825 1246 subrotuuda
866 1197 984 1246 dicit
1012 1197 1234 1247 Persoon
1276 1199 1321 1247 iu
1363 1209 1497 1261 nota,
1536 1201 1650 1250 licet
1690 1202 1973 1253 definitione

139 1306 285 1346 ovata
325 1305 492 1359 potuit.
570 1296 755 1345 Eadem
797 1313 827 1347 a
868 1297 1050 1363 Wolny
1093 1298 1154 1346 ad
1195 1297 1459 1348 Sisatovac
1518 1300 1646 1350 lecta
1689 1302 1778 1350 sub
1820 1304 1977 1351 nomi-

138 1412 196 1444 ne
235 1391 304 1444 R.
343 1393 676 1461 polyanchae
717 1412 756 1444 s.
796 1412 1018 1445 macrae
1057 1413 1097 1445 s.
1138 1413 1407 1446 exsuccae
1448 1400 1697 1463 descripta
1750 1411 1838 1451 est.

211 1526 362 1577 1198.
402 1529 479 1572 Β.
520 1527 879 1574 rubrifolia.

279 1622 350 1672 Ad
395 1622 616 1685 Gospich
656 1621 702 1671 in
745 1622 951 1672 Oroatia
989 1622 1205 1673 inventa.

172 1813 175 1814 ⁷
208 1750 358 1801 1199.
397 1755 474 1800 R.
517 1751 767 1808 pumila-

278 1850 334 1903 ln,
373 1847 582 1898 collibus
623 1858 668 1897 et
711 1848 957 1899 montibus
997 1848 1182 1911 aridis,
1224 1858 1369 1915 atque
1412 1850 1458 1899 in
1498 1853 1838 1902 subumbrosis
1879 1853 1977 1903 Bu-

135 1952 255 2013 dae,
295 1953 355 1999 ad
397 1948 578 1999 Pomaz
619 1949 666 1998 iu
707 1949 853 1998 Cottu
895 1950 1169 2015 Neograd.,
1208 1949 1421 2012 Heves.,
1460 1951 1694 2014 Albeus.,
1734 1952 1976 2003 Tolnensi

134 2053 195 2100 ad
233 2050 339 2100 vias
391 2050 439 2098 iu
478 2049 697 2109 Bauatu,
761 2050 957 2115 Syrmio
1010 2049 1226 2114 alibique
1278 2066 1363 2113 per
1413 2051 1610 2114 planam
1650 2051 1975 2116 Hungariam.

133 2150 386 2201 Mauksch
437 2153 499 2199 ad
540 2150 874 2201 Leucsoviam
926 2150 973 2199 in
1022 2159 1187 2198 monte
1228 2150 1466 2214 Rebberg
1517 2151 1637 2216 legit
1689 2164 1734 2200 et
1776 2170 1861 2216 pro
1901 2147 1973 2200 R.

130 2247 447 2312 rubiginosa
489 2249 635 2311 misit,
676 2267 763 2314 pro
806 2265 901 2313 qua
940 2247 1087 2298 etiam
1125 2247 1298 2297 habuit
1337 2247 1638 2300 Lumuitzer.
1699 2247 1973 2298 Gencrsicb

132 2349 221 2396 sub
264 2364 391 2398 nom.
419 2345 490 2397 R.
515 2351 753 2414 pmm‘lae
792 2347 939 2398 misit.
1015 2347 1129 2398 Alia
1168 2348 1442 2412 specimina
1482 2347 1613 2398 misit
1652 2350 1741 2398 sub
1782 2349 1974 2398 nomine

131 2443 206 2501 R.
247 2443 640 2512 rubiginosae?
679 2448 950 2499 Mauksch.

224 2586 375 2636 1²00.
414 2591 490 2634 R.
532 2589 815 2636 croatie-a
853 2586 988 2636 mihi.

275 2681 459 2734 Caules
499 2683 827 2748 subinermes,
867 2684 991 2734 rami
1034 2684 1276 2746 inermes,
1316 2692 1401 2734 aut
1428 2684 1742 2750 paucissimis
1780 2685 1970 2735 aculeis

130 2782 311 2845 rectiS,
365 2783 755 2847 patentissimis,
809 2784 1172 2834 subiuermibus
1210 2784 1467 2847 adspersi,
1530 2784 1728 2850 glabri,
1785 2786 1971 2835 laeves·

127 2881 272 2931 Folia
309 2882 646 2948 3—4-juga
686 2901 794 2932 cum
832 2884 1019 2933 foliolis
1062 2884 1344 2948 petiolatis,
1396 2883 1756 2949 subellipticis‚
1815 2884 1971 2933 utrin-

131 2997 222 3046 que
263 2981 617 3044 acutiusculis,
656 2983 1188 3047 duplicato-serratis,
1231 2982 1498 3033 serraturis
1537 2984 1859 3046 mucronatis,
1899 2983 1972 3032 in-

128 3080 398 3131 ferioribus
442 3081 823 3147 glandulil'eris,
862 3100 1015 3148 supra
1054 3083 1262 3147 glabris,
1301 3085 1474 3133 subtus
1515 3093 1656 3134 cesta
1696 3085 1971 3148 pubescen-

131 3180 290 3242 tibus,
342 3181 455 3245 pilis
497 3182 823 3246 longiusculis
865 3182 1300 3232 decumbentibus:
1360 3199 1511 3246 saepe
1552 3183 1691 3246 sine,
1728 3198 1970 3232 nonnum-

130 3297 274 3346 quam
302 3298 408 3330 cum
451 3282 750 3333 intermixtis
791 3283 912 3333 setis
952 3283 1240 3333 rarissimis.
1280 3283 1457 3333 Petioli
1487 3280 1781 3347 subhispidi,
1822 3297 1967 3345 prae-

129 3379 296 3432 sertim
352 3390 491 3446 parte
544 3381 780 3432 inferiore
840 3383 1130 3447 quandoque
1193 3382 1402 3447 spinulis
1454 3382 1642 3446 aliquot
1692 3379 1959 3430 inermibus
