2195 3657
1815 169 1928 231 117

160 317 279 366 522.
312 323 387 366 ΙΙ.
428 321 933 367 chondrilloides.

166 414 168 416 ’
230 415 394 465 Radix
435 416 692 480 perennis,
748 417 945 480 obliqua
985 426 1069 466 aut
1110 427 1428 481 transversa,
1482 434 1797 481 praemorsa,
1848 435 1926 466 ra-

88 516 572 587 diculas-filiformes
625 519 804 582 longas
845 520 1150 581 nigricantes
1188 521 1465 570 demittens.
1543 519 1714 568 Caulis
1755 518 1927 582 tripol-

87 600 254 666 li-raris
306 617 592 681 pedalisve,
646 616 1045 681 simplicissimus
1086 626 1170 667 aut
1223 619 1486 679 uniflorus,
1544 628 1625 668 aut
1684 634 1928 679 ramosus,

86 711 480 770 2——6-flor11s,
534 713 908 778 glabriusoulus
948 724 1032 763 ant
1085 715 1305 764 villosus¹
1422 716 1564 764 Folia
1608 716 1710 780 jam
1764 716 1925 763 omnia

84 808 433 873 integerrima,
499 813 706 859 obverse
761 811 1068 871 lanceolata,
1135 815 1308 861 obtusa
1369 813 1553 877 (qualia
1604 814 1650 861 iu
1694 813 1924 862 Velebich

86 909 415 973 occurrunt),
457 907 560 972 J'am
606 907 843 956 radicalia
899 918 1084 956 tantum
1127 909 1340 957 indivisa
1394 910 1586 973 (qualia
1643 909 1924 973 plerumque

86 1014 198 1056 suut
241 1006 435 1072 obvia);
471 1006 572 1069 jam
618 1007 779 1055 omnia
823 1006 1327 1071 pinnatifida(qualia
1367 1006 1598 1055 inChors
1640 1007 1760 1071 vidi)
1800 1025 1925 1056 nunc

85 1105 674 1166 lanceolata-uncinata,
754 1123 878 1154 nune
942 1105 1322 1168 profundissime
1387 1105 1676 1169 pinnatifida
1744 1105 1926 1154 lacinia

85 1204 330 1254 terminali
375 1206 549 1255 lineari
591 1205 836 1268 longiore.
916 1204 1184 1253 Pedunouli
1251 1206 1391 1255 caule
1436 1205 1689 1254 rarissime
1733 1205 1926 1269 longio-

83 1309 192 1366 res,
248 1303 534 1368 plerumque
578 1305 727 1353 multo
772 1305 1050 1367 breviores,
1114 1304 1525 1368 nigro-hispidi,
1587 1306 1646 1353 ad
1699 1313 1926 1352 exortum

82 1403 254 1466 stipati
291 1403 409 1451 folio
452 1403 626 1452 lineari
668 1404 988 1467 integerrimo
1035 1403 1208 1468 piloso.
1301 1404 1512 1468 Calyres
1556 1403 1923 1467 nigro-hispidi.

47 1502 371 1567 ,Sper-:imina
424 1501 612 1565 majora
668 1503 864 1567 (pedem
909 1503 1034 1566 alta)
1079 1512 1192 1552 suut
1244 1521 1266 1549 e
1308 1512 1470 1550 monte
1515 1502 1638 1550 inter
1679 1502 1761 1551 Sz,
1810 1504 1925 1550 lvan

84 1611 129 1649 et
167 1600 402 1662 Hradek,
466 1602 566 1650 alia
605 1601 707 1665 legi
767 1602 814 1650 in
855 1601 1046 1663 Choes,
1107 1601 1155 1650 in
1199 1602 1327 1651 valle
1368 1605 1426 1652 ad
1470 1610 1774 1651 cataractam
1815 1603 1926 1650 Mo-

83 1701 411 1757 tieskensem,
454 1700 502 1749 in
545 1701 746 1763 alpibus
788 1680 1041 1752 Croatiae.
1121 1702 1160 1750 E
1204 1702 1448 1765 Scepusio
1490 1702 1623 1750 misit
1654 1701 1922 1751 Mauksch.

87 1802 137 1850 ln
177 1810 339 1850 monte
383 1801 636 1850 Strassow
671 1801 885 1849 Rochel.

134 1901 274 1953 523.
315 1907 389 1950 ΙΙ.
431 1904 858 1960 porrifolium.

227 2000 396 2051 Variat
437 2000 572 2049 foliis
612 2001 949 2065 integerrimis
979 2010 1025 2050 et
1050 2001 1380 2051 remotissime
1407 2001 1739 2063 denticulatis,
1781 2001 1922 2050 caule

85 2101 322 2164 unifloro,
360 2101 718 2152 3n-4-fl0r0.
768 2102 913 2152 Folia
953 2103 1058 2152 basi
1102 2102 1248 2152 etiam
1290 2102 1475 2166 ciliata,
1516 2110 1564 2150 ut
1604 2101 1650 2150 in
1692 2110 1925 2166 sequente

85 2202 161 2250 rui
205 2201 524 2251 simillimum.
599 2202 652 2251 In
694 2202 899 2268 Badany
941 2211 988 2251 et
1026 2202 1214 2250 Debelo
1255 2202 1434 2251 Berdo.
1482 2202 1532 2250 [n
1573 2210 1735 2250 monte
1761 2201 1925 2250 Klak-

85 2304 206 2366 berg
246 2300 403 2358 dieto,
444 2302 572 2351 inter
611 2301 807 2351 Cottum
850 2301 1220 2365 Liptoviensem
1264 2310 1309 2349 et
1351 2302 1765 2363 Thuroriensem,
1804 2302 1926 2365 legit

83 2403 439 2465 Wahlenberg.

153 2503 273 2552 524.
311 2507 385 2550 ΙΙ.
429 2508 775 2560 pubescens
815 2502 949 2551 mihi.

224 2601 388 2650 Radix
443 2601 704 2664 perennis,
782 2600 1104 2665 suhobliqua,
1180 2601 1370 2649 inferne
1421 2603 1724 2651 senescendo
1781 2618 1926 2665 prae-

87 2717 272 2760 morsa,
313 2700 564 2749 radiculas
592 2699 851 2750 filiformes
881 2700 1159 2752 demittens.
1201 2699 1374 2750 Caulis
1400 2700 1673 2763 solitarius,
1714 2711 1926 2763 erectus,

83 2797 334 2861 spithama
375 2796 522 2860 paulo
563 2796 741 2859 altior,
780 2796 1011 2859 simplex,
1051 2797 1193 2860 apice
1233 2796 1282 2845 in
1322 2798 1627 2861 pedunculos
1668 2798 1790 2847 duos
1817 2799 1925 2847 uni-

85 2896 235 2945 floros
288 2895 632 2959 longiusculos
685 2895 902 2957 divisus,
965 2895 1268 2945 tenuissimis
1332 2896 1554 2961 rarisque
1610 2897 1722 2960 pilis
1770 2900 1924 2962 pube-

85 3007 259 3053 scens,
302 2999 459 3053 teres,
502 2984 660 3040 culmo
704 2991 850 3040 tritici
891 2992 1111 3053 tenuior,
1153 2992 1720 3044 subsulcato-striatus.
1779 2995 1923 3043 Folia

85 3088 598 3152 ovato-lanceolata,
661 3090 768 3140 basi
809 3101 1105 3155 angustata,
1167 3092 1309 3156 apice
1351 3102 1675 3151 mucronata,
1737 3103 1922 3161 remote.

83 3188 416 3248 denticulata,
485 3189 707 3254 utrinque
762 3199 808 3238 et
869 3191 1179 3255 marginibus
1240 3191 1544 3240 tenuissimis
1595 3191 1922 3256 brevibusque

85 3287 198 3351 pilis
238 3289 688 3352 subpubesccntia,
749 3288 943 3339 caulina
984 3290 1018 3340 3
1049 3319 1097 3325 ω·
1136 3297 1164 3340 4
1204 3290 1526 3351 subsessilia,
1584 3290 1917 3353 integerrima,

84 3387 367 3436 successive
408 3388 728 3452 angustiora,
772 3398 971 3451 praeter
1008 3405 1068 3436 ea
1107 3388 1398 3439 divisionum
1448 3406 1593 3437 unum
1648 3396 1694 3436 et
1736 3390 1920 3449 pedun-
