<?xml version="1.0" encoding="UTF-8"?>
<!DOCTYPE html PUBLIC "-//W3C//DTD XHTML 1.0 Transitional//EN"
    "http://www.w3.org/TR/xhtml1/DTD/xhtml1-transitional.dtd">
<html xmlns="http://www.w3.org/1999/xhtml" xml:lang="en" lang="en">
 <head>
  <title>
</title>
<meta http-equiv="Content-Type" content="text/html;charset=utf-8" />
  <meta name='ocr-system' content='tesseract 3.04.00' />
  <meta name='ocr-capabilities' content='ocr_page ocr_carea ocr_par ocr_line ocrx_word'/>
</head>
<body>
  <div class='ocr_page' id='page_1' title='image "./additamentaadflo00kita_0244.png"; bbox 0 0 2195 3657; ppageno 0'>
   <div class='ocr_carea' id='block_1_1' title="bbox 198 137 2053 652">
    <p class='ocr_par' dir='ltr' id='par_1_1' title="bbox 198 137 2053 652">
     <span class='ocr_line' id='line_1_1' title="bbox 198 137 326 200; baseline 0.016 -2"><span class='ocrx_word' id='word_1_1' title='bbox 198 137 326 200; x_wconf 74' lang='lat'><strong>238</strong></span> 
     </span>
     <span class='ocr_line' id='line_1_2' title="bbox 200 264 2052 354; baseline -0.002 -16"><span class='ocrx_word' id='word_1_2' title='bbox 200 289 428 354; x_wconf 83' lang='lat' dir='ltr'><strong>Seepusii</strong></span> <span class='ocrx_word' id='word_1_3' title='bbox 477 289 609 339; x_wconf 81' lang='lat' dir='ltr'><strong>infra</strong></span> <span class='ocrx_word' id='word_1_4' title='bbox 659 288 831 353; x_wconf 78' lang='lat' dir='ltr'><strong>alpeS,</strong></span> <span class='ocrx_word' id='word_1_5' title='bbox 892 293 1041 351; x_wconf 79' lang='lat' dir='ltr'><strong>atque</strong></span> <span class='ocrx_word' id='word_1_6' title='bbox 1091 285 1153 336; x_wconf 84' lang='lat' dir='ltr'><strong>ad</strong></span> <span class='ocrx_word' id='word_1_7' title='bbox 1193 264 1666 343; x_wconf 62' lang='lat' dir='ltr'><strong>Sznmolnnffiunm,</strong></span> <span class='ocrx_word' id='word_1_8' title='bbox 1727 284 1863 333; x_wconf 87' lang='lat' dir='ltr'><strong>etin</strong></span> <span class='ocrx_word' id='word_1_9' title='bbox 1901 281 2052 334; x_wconf 82' lang='lat' dir='ltr'><strong>Gottu</strong></span> 
     </span>
     <span class='ocr_line' id='line_1_3' title="bbox 199 384 1136 440; baseline -0.006 0"><span class='ocrx_word' id='word_1_10' title='bbox 199 390 410 440; x_wconf 78' lang='lat' dir='ltr'><strong>Arvensi</strong></span> <span class='ocrx_word' id='word_1_11' title='bbox 452 387 668 438; x_wconf 79' lang='lat' dir='ltr'><strong>occurrit</strong></span> <span class='ocrx_word' id='word_1_12' title='bbox 711 387 914 436; x_wconf 85' lang='lat' dir='ltr'><strong>floribus</strong></span> <span class='ocrx_word' id='word_1_13' title='bbox 954 384 1136 435; x_wconf 82' lang='lat' dir='ltr'><strong>rubris.</strong></span> 
     </span>
     <span class='ocr_line' id='line_1_4' title="bbox 277 486 1233 547; baseline -0.007 -8"><span class='ocrx_word' id='word_1_14' title='bbox 277 488 426 539; x_wconf 75' lang='lat'>1025.</span> <span class='ocrx_word' id='word_1_15' title='bbox 466 489 906 547; x_wconf 72' lang='lat' dir='ltr'><strong>Agrostemma</strong></span> <span class='ocrx_word' id='word_1_16' title='bbox 941 486 1233 543; x_wconf 65' lang='lat' dir='ltr'><strong>Gunugu.</strong></span> 
     </span>
     <span class='ocr_line' id='line_1_5' title="bbox 338 580 2053 652; baseline -0.002 -17"><span class='ocrx_word' id='word_1_17' title='bbox 338 593 389 652; x_wconf 80' lang='grc' dir='ltr'><strong>β.</strong></span> <span class='ocrx_word' id='word_1_18' title='bbox 443 586 680 637; x_wconf 89' lang='lat' dir='ltr'><strong>Floribus</strong></span> <span class='ocrx_word' id='word_1_19' title='bbox 720 586 850 637; x_wconf 84' lang='lat' dir='ltr'><strong>albis</strong></span> <span class='ocrx_word' id='word_1_20' title='bbox 889 585 1129 636; x_wconf 79' lang='lat' dir='ltr'><strong>varietas.</strong></span> <span class='ocrx_word' id='word_1_21' title='bbox 1210 585 1343 633; x_wconf 87' lang='lat' dir='ltr'><strong>luter</strong></span> <span class='ocrx_word' id='word_1_22' title='bbox 1371 591 1573 647; x_wconf 79' lang='lat' dir='ltr'>segetes</span> <span class='ocrx_word' id='word_1_23' title='bbox 1613 580 1869 648; x_wconf 62' lang='lat' dir='ltr'><strong>hequem,</strong></span> <span class='ocrx_word' id='word_1_24' title='bbox 1911 582 2053 632; x_wconf 83' lang='lat' dir='ltr'><strong>Hun-</strong></span> 
     </span>
    </p>
   </div>
   <div class='ocr_carea' id='block_1_2' title="bbox 198 686 632 753">
    <p class='ocr_par' dir='ltr' id='par_1_2' title="bbox 198 686 632 753">
     <span class='ocr_line' id='line_1_6' title="bbox 198 686 632 753; baseline -0.005 -16"><span class='ocrx_word' id='word_1_25' title='bbox 198 687 338 752; x_wconf 81' lang='lat' dir='ltr'><strong>garis</strong></span> <span class='ocrx_word' id='word_1_26' title='bbox 373 686 632 753; x_wconf 87' lang='lat' dir='ltr'><strong>Konkoly.</strong></span> 
     </span>
    </p>
   </div>
   <div class='ocr_carea' id='block_1_3' title="bbox 271 786 2055 946">
    <p class='ocr_par' dir='ltr' id='par_1_3' title="bbox 271 786 2055 946">
     <span class='ocr_line' id='line_1_7' title="bbox 271 786 933 840; baseline -0.005 -2"><span class='ocrx_word' id='word_1_27' title='bbox 271 786 425 840; x_wconf 76' lang='lat'><strong>1026.</strong></span> <span class='ocrx_word' id='word_1_28' title='bbox 465 792 535 836; x_wconf 73' lang='lat' dir='ltr'><strong>A.</strong></span> <span class='ocrx_word' id='word_1_29' title='bbox 577 788 933 836; x_wconf 73' lang='lat' dir='ltr'><strong>coronaria.</strong></span> 
     </span>
     <span class='ocr_line' id='line_1_8' title="bbox 335 878 2055 946; baseline -0.003 -13"><span class='ocrx_word' id='word_1_30' title='bbox 335 885 390 934; x_wconf 89' lang='lat' dir='ltr'><strong>Iu</strong></span> <span class='ocrx_word' id='word_1_31' title='bbox 429 883 675 933; x_wconf 79' lang='lat' dir='ltr'><strong>fruticetis</strong></span> <span class='ocrx_word' id='word_1_32' title='bbox 711 881 1013 932; x_wconf 70' lang='lat' dir='ltr'><strong>validiorum</strong></span> <span class='ocrx_word' id='word_1_33' title='bbox 1047 879 1417 945; x_wconf 75' lang='lat' dir='ltr'><strong>provinciarum</strong></span> <span class='ocrx_word' id='word_1_34' title='bbox 1444 878 1757 946; x_wconf 81' lang='lat' dir='ltr'><strong>Huugariae‚</strong></span> <span class='ocrx_word' id='word_1_35' title='bbox 1797 878 2055 942; x_wconf 79' lang='lat' dir='ltr'><strong>Oroatiae,</strong></span> 
     </span>
    </p>
   </div>
   <div class='ocr_carea' id='block_1_4' title="bbox 192 979 2068 2536">
    <p class='ocr_par' dir='ltr' id='par_1_4' title="bbox 192 979 2068 2536">
     <span class='ocr_line' id='line_1_9' title="bbox 197 979 2054 1046; baseline -0.002 -13"><span class='ocrx_word' id='word_1_36' title='bbox 197 983 487 1034; x_wconf 81' lang='lat' dir='ltr'><strong>Slavouiae.</strong></span> <span class='ocrx_word' id='word_1_37' title='bbox 601 982 801 1040; x_wconf 77' lang='lat' dir='ltr'><strong>Lanata</strong></span> <span class='ocrx_word' id='word_1_38' title='bbox 842 984 1034 1045; x_wconf 81' lang='lat' dir='ltr'><strong>potiuS,</strong></span> <span class='ocrx_word' id='word_1_39' title='bbox 1089 996 1233 1046; x_wconf 82' lang='lat' dir='ltr'><strong>quam</strong></span> <span class='ocrx_word' id='word_1_40' title='bbox 1286 988 1597 1042; x_wconf 81' lang='lat' dir='ltr'><strong>tomentosa‚</strong></span> <span class='ocrx_word' id='word_1_41' title='bbox 1649 979 1890 1041; x_wconf 83' lang='lat' dir='ltr'><strong>dicenda3</strong></span> <span class='ocrx_word' id='word_1_42' title='bbox 1941 995 2054 1030; x_wconf 81' lang='lat' dir='ltr'><strong>nam</strong></span> 
     </span>
     <span class='ocr_line' id='line_1_10' title="bbox 199 1079 2068 1149; baseline -0.001 -17"><span class='ocrx_word' id='word_1_43' title='bbox 199 1085 313 1149; x_wconf 83' lang='lat' dir='ltr'><strong>pilis</strong></span> <span class='ocrx_word' id='word_1_44' title='bbox 352 1083 518 1146; x_wconf 72' lang='lat' dir='ltr'><strong>longis</strong></span> <span class='ocrx_word' id='word_1_45' title='bbox 570 1082 820 1134; x_wconf 76' lang='lat' dir='ltr'><strong>distinctis</strong></span> <span class='ocrx_word' id='word_1_46' title='bbox 877 1080 1147 1146; x_wconf 75' lang='lat' dir='ltr'><strong>implicatis</strong></span> <span class='ocrx_word' id='word_1_47' title='bbox 1199 1082 1350 1131; x_wconf 82' lang='lat' dir='ltr'><strong>dense</strong></span> <span class='ocrx_word' id='word_1_48' title='bbox 1392 1081 1569 1131; x_wconf 82' lang='lat' dir='ltr'><strong>obsita.</strong></span> <span class='ocrx_word' id='word_1_49' title='bbox 1647 1079 1794 1130; x_wconf 86' lang='lat' dir='ltr'><strong>Folia</strong></span> <span class='ocrx_word' id='word_1_50' title='bbox 1851 1079 2068 1145; x_wconf 83' lang='lat' dir='ltr'><strong>saepius-</strong></span> 
     </span>
     <span class='ocr_line' id='line_1_11' title="bbox 196 1179 2057 1245; baseline -0.002 -12"><span class='ocrx_word' id='word_1_51' title='bbox 196 1184 500 1235; x_wconf 81' lang='lat' dir='ltr'><strong>laneeolata.</strong></span> <span class='ocrx_word' id='word_1_52' title='bbox 612 1182 786 1231; x_wconf 84' lang='lat' dir='ltr'><strong>Petala</strong></span> <span class='ocrx_word' id='word_1_53' title='bbox 825 1183 1141 1245; x_wconf 85' lang='lat' dir='ltr'><strong>emarginata</strong></span> <span class='ocrx_word' id='word_1_54' title='bbox 1181 1179 1404 1245; x_wconf 82' lang='lat' dir='ltr'><strong>quidem,</strong></span> <span class='ocrx_word' id='word_1_55' title='bbox 1466 1180 1552 1229; x_wconf 85' lang='lat' dir='ltr'><strong>sed</strong></span> <span class='ocrx_word' id='word_1_56' title='bbox 1594 1197 1690 1230; x_wconf 87' lang='lat' dir='ltr'><strong>uon</strong></span> <span class='ocrx_word' id='word_1_57' title='bbox 1730 1188 1956 1242; x_wconf 80' lang='lat' dir='ltr'><strong>serrata,</strong></span> <span class='ocrx_word' id='word_1_58' title='bbox 2006 1188 2057 1230; x_wconf 88' lang='lat' dir='ltr'><strong>ut</strong></span> 
     </span>
     <span class='ocr_line' id='line_1_12' title="bbox 196 1279 2057 1347; baseline -0.001 -15"><span class='ocrx_word' id='word_1_59' title='bbox 196 1286 244 1334; x_wconf 87' lang='lat' dir='ltr'><strong>in</strong></span> <span class='ocrx_word' id='word_1_60' title='bbox 295 1282 579 1334; x_wconf 84' lang='lat' dir='ltr'><strong>defiuitione</strong></span> <span class='ocrx_word' id='word_1_61' title='bbox 632 1281 843 1346; x_wconf 82' lang='lat' dir='ltr'><strong>dicitur,</strong></span> <span class='ocrx_word' id='word_1_62' title='bbox 901 1297 1058 1347; x_wconf 78' lang='lat' dir='ltr'><strong>eaque</strong></span> <span class='ocrx_word' id='word_1_63' title='bbox 1110 1281 1287 1338; x_wconf 81' lang='lat' dir='ltr'><strong>rubra,</strong></span> <span class='ocrx_word' id='word_1_64' title='bbox 1347 1297 1438 1330; x_wconf 86' lang='lat' dir='ltr'><strong>nee</strong></span> <span class='ocrx_word' id='word_1_65' title='bbox 1491 1289 1543 1329; x_wconf 84' lang='lat' dir='ltr'><strong>ut</strong></span> <span class='ocrx_word' id='word_1_66' title='bbox 1595 1279 1641 1330; x_wconf 88' lang='lat' dir='ltr'><strong>iu</strong></span> <span class='ocrx_word' id='word_1_67' title='bbox 1695 1287 1814 1331; x_wconf 84' lang='lat' dir='ltr'><strong>nota</strong></span> <span class='ocrx_word' id='word_1_68' title='bbox 1865 1280 2057 1342; x_wconf 77' lang='lat' dir='ltr'><strong>statuit,</strong></span> 
     </span>
     <span class='ocr_line' id='line_1_13' title="bbox 195 1382 2056 1449; baseline -0.002 -14"><span class='ocrx_word' id='word_1_69' title='bbox 195 1383 442 1435; x_wconf 83' lang='lat' dir='ltr'><strong>naturalis</strong></span> <span class='ocrx_word' id='word_1_70' title='bbox 481 1382 686 1449; x_wconf 83' lang='lat' dir='ltr'><strong>plautae</strong></span> <span class='ocrx_word' id='word_1_71' title='bbox 728 1382 919 1432; x_wconf 83' lang='lat' dir='ltr'><strong>corolla</strong></span> <span class='ocrx_word' id='word_1_72' title='bbox 959 1382 1107 1443; x_wconf 74' lang='lat' dir='ltr'><strong>alba,</strong></span> <span class='ocrx_word' id='word_1_73' title='bbox 1150 1382 1308 1432; x_wconf 87' lang='lat' dir='ltr'><strong>medio</strong></span> <span class='ocrx_word' id='word_1_74' title='bbox 1350 1383 1530 1445; x_wconf 82' lang='lat' dir='ltr'><strong>rubra,</strong></span> <span class='ocrx_word' id='word_1_75' title='bbox 1585 1398 1648 1432; x_wconf 86' lang='lat' dir='ltr'><strong>an</strong></span> <span class='ocrx_word' id='word_1_76' title='bbox 1688 1382 1844 1447; x_wconf 85' lang='lat' dir='ltr'><strong>igitur</strong></span> <span class='ocrx_word' id='word_1_77' title='bbox 1883 1390 2056 1432; x_wconf 76' lang='lat' dir='ltr'><strong>nostra</strong></span> 
     </span>
     <span class='ocr_line' id='line_1_14' title="bbox 201 1479 2056 1549; baseline -0.002 -15"><span class='ocrx_word' id='word_1_78' title='bbox 201 1485 374 1549; x_wconf 81' lang='lat' dir='ltr'><strong>planta</strong></span> <span class='ocrx_word' id='word_1_79' title='bbox 414 1481 689 1532; x_wconf 68' lang='lat' dir='ltr'><strong>distincta?</strong></span> <span class='ocrx_word' id='word_1_80' title='bbox 730 1480 1106 1547; x_wconf 84' lang='lat' dir='ltr'><strong>Syrmiensibus</strong></span> <span class='ocrx_word' id='word_1_81' title='bbox 1148 1479 1328 1529; x_wconf 82' lang='lat' dir='ltr'><strong>dieitur</strong></span> <span class='ocrx_word' id='word_1_82' title='bbox 1369 1479 1558 1530; x_wconf 83' lang='lat' dir='ltr'><strong>Kukoli</strong></span> <span class='ocrx_word' id='word_1_83' title='bbox 1595 1479 1744 1545; x_wconf 84' lang='lat' dir='ltr'><strong>divji,</strong></span> <span class='ocrx_word' id='word_1_84' title='bbox 1783 1480 2056 1545; x_wconf 79' lang='lat' dir='ltr'>iisdemque</span> 
     </span>
     <span class='ocr_line' id='line_1_15' title="bbox 195 1580 2058 1646; baseline -0.003 -12"><span class='ocrx_word' id='word_1_85' title='bbox 195 1582 485 1634; x_wconf 63' lang='lat' dir='ltr'><strong>vulnerat-ia</strong></span> <span class='ocrx_word' id='word_1_86' title='bbox 523 1589 625 1640; x_wconf 82' lang='lat' dir='ltr'><strong>est,</strong></span> <span class='ocrx_word' id='word_1_87' title='bbox 693 1591 739 1629; x_wconf 86' lang='lat' dir='ltr'><strong>et</strong></span> <span class='ocrx_word' id='word_1_88' title='bbox 786 1581 948 1644; x_wconf 80' lang='lat' dir='ltr'><strong>pulvis</strong></span> <span class='ocrx_word' id='word_1_89' title='bbox 989 1580 1221 1631; x_wconf 84' lang='lat' dir='ltr'><strong>foliorum</strong></span> <span class='ocrx_word' id='word_1_90' title='bbox 1264 1580 1552 1630; x_wconf 85' lang='lat' dir='ltr'><strong>vulneribus</strong></span> <span class='ocrx_word' id='word_1_91' title='bbox 1603 1580 1823 1646; x_wconf 78' lang='lat' dir='ltr'><strong>antiquis</strong></span> <span class='ocrx_word' id='word_1_92' title='bbox 1861 1582 2058 1646; x_wconf 84' lang='lat' dir='ltr'><strong>insper-</strong></span> 
     </span>
     <span class='ocr_line' id='line_1_16' title="bbox 194 1680 1429 1751; baseline -0.002 -17"><span class='ocrx_word' id='word_1_93' title='bbox 194 1687 329 1751; x_wconf 83' lang='lat' dir='ltr'><strong>gitur</strong></span> <span class='ocrx_word' id='word_1_94' title='bbox 367 1683 618 1733; x_wconf 81' lang='lat' dir='ltr'><strong>referente</strong></span> <span class='ocrx_word' id='word_1_95' title='bbox 659 1680 878 1746; x_wconf 83' lang='lat' dir='ltr'><strong>Physieo</strong></span> <span class='ocrx_word' id='word_1_96' title='bbox 921 1680 1198 1747; x_wconf 76' lang='lat' dir='ltr'><strong>syrmiensi</strong></span> <span class='ocrx_word' id='word_1_97' title='bbox 1243 1681 1429 1747; x_wconf 79' lang='lat' dir='ltr'><strong>Buday.</strong></span> 
     </span>
     <span class='ocr_line' id='line_1_17' title="bbox 271 1785 1097 1836; baseline -0.006 0"><span class='ocrx_word' id='word_1_98' title='bbox 271 1785 425 1836; x_wconf 75' lang='lat'>1027.</span> <span class='ocrx_word' id='word_1_99' title='bbox 467 1787 820 1833; x_wconf 65' lang='lat' dir='ltr'><strong>Caeubalus</strong></span> <span class='ocrx_word' id='word_1_100' title='bbox 860 1787 1097 1831; x_wconf 80' lang='lat' dir='ltr'><strong>Behen.</strong></span> 
     </span>
     <span class='ocr_line' id='line_1_18' title="bbox 336 1878 2057 1945; baseline -0.002 -13"><span class='ocrx_word' id='word_1_101' title='bbox 336 1884 391 1932; x_wconf 87' lang='lat' dir='ltr'><strong>lu</strong></span> <span class='ocrx_word' id='word_1_102' title='bbox 431 1881 572 1930; x_wconf 86' lang='lat' dir='ltr'><strong>silvis</strong></span> <span class='ocrx_word' id='word_1_103' title='bbox 616 1880 927 1945; x_wconf 85' lang='lat' dir='ltr'><strong>potissimum</strong></span> <span class='ocrx_word' id='word_1_104' title='bbox 972 1879 1205 1941; x_wconf 74' lang='lat' dir='ltr'><strong>caeduis,</strong></span> <span class='ocrx_word' id='word_1_105' title='bbox 1246 1888 1292 1928; x_wconf 84' lang='lat' dir='ltr'><strong>et</strong></span> <span class='ocrx_word' id='word_1_106' title='bbox 1331 1878 1380 1928; x_wconf 90' lang='lat' dir='ltr'><strong>in</strong></span> <span class='ocrx_word' id='word_1_107' title='bbox 1423 1878 1579 1943; x_wconf 81' lang='lat' dir='ltr'><strong>pratis</strong></span> <span class='ocrx_word' id='word_1_108' title='bbox 1619 1887 1767 1944; x_wconf 79' lang='lat' dir='ltr'><strong>atque</strong></span> <span class='ocrx_word' id='word_1_109' title='bbox 1808 1878 2057 1930; x_wconf 76' lang='lat' dir='ltr'><strong>fruticetis</strong></span> 
     </span>
     <span class='ocr_line' id='line_1_19' title="bbox 199 1978 1816 2049; baseline -0.001 -17"><span class='ocrx_word' id='word_1_110' title='bbox 199 1999 288 2049; x_wconf 88' lang='lat' dir='ltr'><strong>per</strong></span> <span class='ocrx_word' id='word_1_111' title='bbox 329 1999 522 2031; x_wconf 87' lang='lat' dir='ltr'><strong>omnem</strong></span> <span class='ocrx_word' id='word_1_112' title='bbox 564 1979 898 2046; x_wconf 82' lang='lat' dir='ltr'><strong>Huugariam.</strong></span> <span class='ocrx_word' id='word_1_113' title='bbox 987 1979 1029 2028; x_wconf 80' lang='lat' dir='ltr'>E</span> <span class='ocrx_word' id='word_1_114' title='bbox 1071 1980 1317 2045; x_wconf 84' lang='lat' dir='ltr'><strong>Seepusio</strong></span> <span class='ocrx_word' id='word_1_115' title='bbox 1369 1979 1502 2029; x_wconf 86' lang='lat' dir='ltr'><strong>misit</strong></span> <span class='ocrx_word' id='word_1_116' title='bbox 1541 1978 1816 2030; x_wconf 77' lang='lat' dir='ltr'><strong>Mauksrh.</strong></span> 
     </span>
     <span class='ocr_line' id='line_1_20' title="bbox 266 2080 866 2132; baseline -0.003 -2"><span class='ocrx_word' id='word_1_117' title='bbox 266 2080 422 2132; x_wconf 76' lang='lat'>1028.</span> <span class='ocrx_word' id='word_1_118' title='bbox 463 2081 527 2128; x_wconf 69' lang='lat'><strong>(3.</strong></span> <span class='ocrx_word' id='word_1_119' title='bbox 566 2080 866 2129; x_wconf 75' lang='lat' dir='ltr'><strong>viscosus,</strong></span> 
     </span>
     <span class='ocr_line' id='line_1_21' title="bbox 334 2176 834 2227; baseline 0.002 -2"><span class='ocrx_word' id='word_1_120' title='bbox 334 2177 390 2227; x_wconf 87' lang='lat' dir='ltr'><strong>Iu</strong></span> <span class='ocrx_word' id='word_1_121' title='bbox 430 2176 571 2226; x_wconf 88' lang='lat' dir='ltr'><strong>silvis</strong></span> <span class='ocrx_word' id='word_1_122' title='bbox 612 2176 834 2227; x_wconf 84' lang='lat' dir='ltr'><strong>caeduis.</strong></span> 
     </span>
     <span class='ocr_line' id='line_1_22' title="bbox 269 2274 864 2325; baseline -0.003 0"><span class='ocrx_word' id='word_1_123' title='bbox 269 2274 420 2325; x_wconf 76' lang='grc'><strong>1029.</strong></span> <span class='ocrx_word' id='word_1_124' title='bbox 460 2276 523 2322; x_wconf 74' lang='grc'><strong>0.</strong></span> <span class='ocrx_word' id='word_1_125' title='bbox 563 2275 864 2323; x_wconf 54' lang='lat' dir='ltr'><strong>italicus?</strong></span> 
     </span>
     <span class='ocr_line' id='line_1_23' title="bbox 335 2371 2054 2434; baseline -0.002 -10"><span class='ocrx_word' id='word_1_126' title='bbox 335 2376 407 2424; x_wconf 88' lang='lat' dir='ltr'><strong>Ad</strong></span> <span class='ocrx_word' id='word_1_127' title='bbox 449 2374 843 2424; x_wconf 84' lang='lat' dir='ltr'><strong>Kismartonium</strong></span> <span class='ocrx_word' id='word_1_128' title='bbox 884 2373 1072 2434; x_wconf 84' lang='lat' dir='ltr'><strong>lectus,</strong></span> <span class='ocrx_word' id='word_1_129' title='bbox 1126 2389 1232 2421; x_wconf 81' lang='lat' dir='ltr'><strong>cum</strong></span> <span class='ocrx_word' id='word_1_130' title='bbox 1275 2371 1494 2433; x_wconf 76' lang='lat' dir='ltr'><strong>Rachel,</strong></span> <span class='ocrx_word' id='word_1_131' title='bbox 1535 2378 1582 2419; x_wconf 84' lang='lat' dir='ltr'><strong>et</strong></span> <span class='ocrx_word' id='word_1_132' title='bbox 1622 2374 1684 2420; x_wconf 86' lang='lat' dir='ltr'><strong>ab</strong></span> <span class='ocrx_word' id='word_1_133' title='bbox 1726 2371 1821 2419; x_wconf 84' lang='lat' dir='ltr'><strong>hoc</strong></span> <span class='ocrx_word' id='word_1_134' title='bbox 1863 2387 2054 2421; x_wconf 86' lang='lat' dir='ltr'><strong>mecum</strong></span> 
     </span>
     <span class='ocr_line' id='line_1_24' title="bbox 192 2469 2056 2536; baseline -0.002 -12"><span class='ocrx_word' id='word_1_135' title='bbox 192 2477 282 2524; x_wconf 87' lang='lat' dir='ltr'><strong>sub</strong></span> <span class='ocrx_word' id='word_1_136' title='bbox 326 2493 369 2524; x_wconf 88' lang='lat' dir='ltr'><strong>n.</strong></span> <span class='ocrx_word' id='word_1_137' title='bbox 399 2474 520 2526; x_wconf 84' lang='lat'><strong>369.</strong></span> <span class='ocrx_word' id='word_1_138' title='bbox 563 2474 957 2524; x_wconf 82' lang='lat' dir='ltr'><strong>communicatus</strong></span> <span class='ocrx_word' id='word_1_139' title='bbox 1010 2472 1205 2522; x_wconf 81' lang='lat' dir='ltr'><strong>videtur</strong></span> <span class='ocrx_word' id='word_1_140' title='bbox 1261 2489 1293 2522; x_wconf 82' lang='lat' dir='ltr'>a</span> <span class='ocrx_word' id='word_1_141' title='bbox 1331 2469 1382 2523; x_wconf 86' lang='lat' dir='ltr'><strong>C.</strong></span> <span class='ocrx_word' id='word_1_142' title='bbox 1425 2474 1612 2522; x_wconf 77' lang='lat' dir='ltr'><strong>italico</strong></span> <span class='ocrx_word' id='word_1_143' title='bbox 1652 2472 1883 2523; x_wconf 85' lang='lat' dir='ltr'><strong>diversus</strong></span> <span class='ocrx_word' id='word_1_144' title='bbox 1925 2488 2056 2536; x_wconf 81' lang='lat' dir='ltr'><strong>esse,</strong></span> 
     </span>
    </p>
   </div>
   <div class='ocr_carea' id='block_1_5' title="bbox 191 2554 1236 2640">
    <p class='ocr_par' dir='ltr' id='par_1_5' title="bbox 191 2554 1236 2640">
     <span class='ocr_line' id='line_1_25' title="bbox 191 2554 1236 2640; baseline -0.002 -18"><span class='ocrx_word' id='word_1_145' title='bbox 191 2590 220 2623; x_wconf 84' lang='lat' dir='ltr'>a</span> <span class='ocrx_word' id='word_1_146' title='bbox 261 2554 451 2624; x_wconf 80' lang='lat' dir='ltr'><strong>Rocbel</strong></span> <span class='ocrx_word' id='word_1_147' title='bbox 495 2576 739 2639; x_wconf 82' lang='lat' dir='ltr'><strong>petendus</strong></span> <span class='ocrx_word' id='word_1_148' title='bbox 779 2584 864 2623; x_wconf 85' lang='lat' dir='ltr'><strong>aut</strong></span> <span class='ocrx_word' id='word_1_149' title='bbox 905 2574 1236 2640; x_wconf 84' lang='lat' dir='ltr'><strong>quaerendus.</strong></span> 
     </span>
    </p>
   </div>
   <div class='ocr_carea' id='block_1_6' title="bbox 190 2673 2054 3336">
    <p class='ocr_par' dir='ltr' id='par_1_6' title="bbox 190 2673 2054 3336">
     <span class='ocr_line' id='line_1_26' title="bbox 269 2673 1481 2750; baseline -0.002 -12"><span class='ocrx_word' id='word_1_150' title='bbox 269 2673 417 2738; x_wconf 84' lang='grc'><strong>1030.</strong></span> <span class='ocrx_word' id='word_1_151' title='bbox 459 2690 522 2736; x_wconf 71' lang='grc'><strong>(3.</strong></span> <span class='ocrx_word' id='word_1_152' title='bbox 563 2689 964 2736; x_wconf 78' lang='lat' dir='ltr'><strong>multiflorus.</strong></span> <span class='ocrx_word' id='word_1_153' title='bbox 1041 2684 1095 2735; x_wconf 85' lang='lat' dir='ltr'><strong>C.</strong></span> <span class='ocrx_word' id='word_1_154' title='bbox 1128 2684 1481 2750; x_wconf 69' lang='lat' dir='ltr'><strong>hungaricus.</strong></span> 
     </span>
     <span class='ocr_line' id='line_1_27' title="bbox 336 2782 2054 2850; baseline -0.002 -16"><span class='ocrx_word' id='word_1_155' title='bbox 336 2785 390 2834; x_wconf 87' lang='lat' dir='ltr'><strong>ln</strong></span> <span class='ocrx_word' id='word_1_156' title='bbox 432 2787 587 2850; x_wconf 81' lang='lat' dir='ltr'><strong>pratis</strong></span> <span class='ocrx_word' id='word_1_157' title='bbox 629 2785 855 2835; x_wconf 84' lang='lat' dir='ltr'><strong>Pesthini</strong></span> <span class='ocrx_word' id='word_1_158' title='bbox 899 2794 946 2834; x_wconf 88' lang='lat' dir='ltr'><strong>et</strong></span> <span class='ocrx_word' id='word_1_159' title='bbox 986 2785 1033 2834; x_wconf 88' lang='lat' dir='ltr'><strong>iu</strong></span> <span class='ocrx_word' id='word_1_160' title='bbox 1086 2793 1188 2834; x_wconf 81' lang='lat' dir='ltr'><strong>toto</strong></span> <span class='ocrx_word' id='word_1_161' title='bbox 1243 2793 1405 2833; x_wconf 81' lang='lat' dir='ltr'><strong>tractu</strong></span> <span class='ocrx_word' id='word_1_162' title='bbox 1446 2800 1661 2833; x_wconf 81' lang='lat' dir='ltr'><strong>arenoso</strong></span> <span class='ocrx_word' id='word_1_163' title='bbox 1713 2784 1852 2833; x_wconf 74' lang='lat' dir='ltr'><strong>iuter=</strong></span> <span class='ocrx_word' id='word_1_164' title='bbox 1880 2782 2054 2833; x_wconf 65' lang='lat' dir='ltr'><strong>Danu-</strong></span> 
     </span>
     <span class='ocr_line' id='line_1_28' title="bbox 191 2880 2051 2934; baseline -0.002 -1"><span class='ocrx_word' id='word_1_165' title='bbox 191 2885 320 2934; x_wconf 84' lang='lat' dir='ltr'><strong>bium</strong></span> <span class='ocrx_word' id='word_1_166' title='bbox 364 2893 411 2933; x_wconf 84' lang='lat' dir='ltr'><strong>et</strong></span> <span class='ocrx_word' id='word_1_167' title='bbox 451 2884 728 2934; x_wconf 79' lang='lat' dir='ltr'><strong>Tibiscum.</strong></span> <span class='ocrx_word' id='word_1_168' title='bbox 844 2883 977 2933; x_wconf 83' lang='lat' dir='ltr'><strong>Tum</strong></span> <span class='ocrx_word' id='word_1_169' title='bbox 1016 2884 1062 2932; x_wconf 89' lang='lat' dir='ltr'><strong>in</strong></span> <span class='ocrx_word' id='word_1_170' title='bbox 1106 2882 1254 2933; x_wconf 86' lang='lat' dir='ltr'><strong>Cottu</strong></span> <span class='ocrx_word' id='word_1_171' title='bbox 1299 2880 1698 2933; x_wconf 61' lang='lat' dir='ltr'><strong>Szathmziriensi</strong></span> <span class='ocrx_word' id='word_1_172' title='bbox 1740 2890 1787 2931; x_wconf 89' lang='lat' dir='ltr'><strong>et</strong></span> <span class='ocrx_word' id='word_1_173' title='bbox 1825 2881 2051 2932; x_wconf 82' lang='lat' dir='ltr'><strong>Albensi.</strong></span> 
     </span>
     <span class='ocr_line' id='line_1_29' title="bbox 190 2983 1101 3048; baseline 0 -14"><span class='ocrx_word' id='word_1_174' title='bbox 190 2984 319 3034; x_wconf 83' lang='lat' dir='ltr'><strong>Host</strong></span> <span class='ocrx_word' id='word_1_175' title='bbox 361 3002 447 3048; x_wconf 85' lang='lat' dir='ltr'><strong>pro</strong></span> <span class='ocrx_word' id='word_1_176' title='bbox 489 2983 539 3033; x_wconf 86' lang='lat' dir='ltr'><strong>C.</strong></span> <span class='ocrx_word' id='word_1_177' title='bbox 583 2986 768 3034; x_wconf 75' lang='lat' dir='ltr'><strong>italico</strong></span> <span class='ocrx_word' id='word_1_178' title='bbox 811 2984 1101 3035; x_wconf 69' lang='lat' dir='ltr'><strong>declaravit.</strong></span> 
     </span>
     <span class='ocr_line' id='line_1_30' title="bbox 267 3084 1340 3135; baseline -0.006 -1"><span class='ocrx_word' id='word_1_179' title='bbox 267 3084 422 3135; x_wconf 81' lang='grc'><strong>1031.</strong></span> <span class='ocrx_word' id='word_1_180' title='bbox 463 3088 526 3134; x_wconf 75' lang='lat' dir='ltr'><strong>O.</strong></span> <span class='ocrx_word' id='word_1_181' title='bbox 568 3086 886 3134; x_wconf 71' lang='lat' dir='ltr'><strong>Sibil-icus.</strong></span> <span class='ocrx_word' id='word_1_182' title='bbox 1337 3126 1340 3128; x_wconf 85' lang='lat'>.</span> 
     </span>
     <span class='ocr_line' id='line_1_31' title="bbox 335 3164 1949 3249; baseline -0.001 -15"><span class='ocrx_word' id='word_1_183' title='bbox 335 3184 410 3234; x_wconf 66' lang='lat' dir='ltr'><strong>Aa</strong></span> <span class='ocrx_word' id='word_1_184' title='bbox 452 3184 593 3249; x_wconf 59' lang='lat' dir='ltr'><strong>Degh</strong></span> <span class='ocrx_word' id='word_1_185' title='bbox 633 3186 696 3234; x_wconf 72' lang='lat' dir='ltr'><strong>ab</strong></span> <span class='ocrx_word' id='word_1_186' title='bbox 738 3183 814 3234; x_wconf 85' lang='lat' dir='ltr'><strong>m.</strong></span> <span class='ocrx_word' id='word_1_187' title='bbox 854 3182 994 3232; x_wconf 78' lang='lat' dir='ltr'><strong>com.</strong></span> <span class='ocrx_word' id='word_1_188' title='bbox 1034 3182 1287 3232; x_wconf 67' lang='lat' dir='ltr'><strong>Festeues</strong></span> <span class='ocrx_word' id='word_1_189' title='bbox 1329 3192 1376 3232; x_wconf 70' lang='lat' dir='ltr'><strong>et</strong></span> <span class='ocrx_word' id='word_1_190' title='bbox 1417 3183 1477 3234; x_wconf 90' lang='lat' dir='ltr'><strong>L.</strong></span> <span class='ocrx_word' id='word_1_191' title='bbox 1519 3183 1635 3233; x_wconf 70' lang='lat' dir='ltr'><strong>Bar.</strong></span> <span class='ocrx_word' id='word_1_192' title='bbox 1674 3164 1905 3248; x_wconf 60' lang='lat' dir='ltr'><strong>Spldnyi.</strong></span> <span class='ocrx_word' id='word_1_193' title='bbox 1945 3166 1949 3170; x_wconf 81' lang='grc'><strong>’</strong></span> 
     </span>
     <span class='ocr_line' id='line_1_32' title="bbox 264 3284 788 3336; baseline -0.004 0"><span class='ocrx_word' id='word_1_194' title='bbox 264 3284 417 3336; x_wconf 68' lang='grc'><strong>1032.</strong></span> <span class='ocrx_word' id='word_1_195' title='bbox 458 3288 522 3334; x_wconf 69' lang='lat'><strong>0.</strong></span> <span class='ocrx_word' id='word_1_196' title='bbox 562 3286 788 3334; x_wconf 67' lang='lat' dir='ltr'><strong>(nites.</strong></span> 
     </span>
    </p>
   </div>
   <div class='ocr_carea' id='block_1_7' title="bbox 331 3383 2045 3447">
    <p class='ocr_par' dir='ltr' id='par_1_7' title="bbox 331 3383 2045 3447">
     <span class='ocr_line' id='line_1_33' title="bbox 331 3383 2045 3447; baseline -0.002 -12"><span class='ocrx_word' id='word_1_197' title='bbox 331 3384 536 3435; x_wconf 82' lang='lat' dir='ltr'><strong>Habitat</strong></span> <span class='ocrx_word' id='word_1_198' title='bbox 574 3384 622 3434; x_wconf 87' lang='lat' dir='ltr'><strong>in</strong></span> <span class='ocrx_word' id='word_1_199' title='bbox 674 3383 861 3447; x_wconf 76' lang='lat' dir='ltr'><strong>apricis</strong></span> <span class='ocrx_word' id='word_1_200' title='bbox 910 3383 1159 3434; x_wconf 82' lang='lat' dir='ltr'><strong>montibus</strong></span> <span class='ocrx_word' id='word_1_201' title='bbox 1198 3383 1395 3446; x_wconf 85' lang='lat' dir='ltr'><strong>Budae,</strong></span> <span class='ocrx_word' id='word_1_202' title='bbox 1444 3384 1492 3434; x_wconf 88' lang='lat' dir='ltr'><strong>iu</strong></span> <span class='ocrx_word' id='word_1_203' title='bbox 1545 3385 1776 3433; x_wconf 82' lang='lat' dir='ltr'><strong>arenosis</strong></span> <span class='ocrx_word' id='word_1_204' title='bbox 1822 3384 2045 3433; x_wconf 84' lang='lat' dir='ltr'><strong>Pesthiui</strong></span> 
     </span>
    </p>
   </div>
  </div>
 </body>
</html>
