2195 3657
1838 141 1954 202 163

111 287 330 334 matam.-
361 285 433 332 Ad
475 292 784 334 catarractas
825 281 1148 334 Szluinenses
1185 285 1275 334 fuit
1317 286 1497 351 partim
1536 288 1798 351 hirsutum,
1839 308 1952 354 par-

113 382 195 432 tim
235 381 643 446 glabriuseulum.
720 380 773 429 ln
810 380 1030 430 Merszin
1073 383 1214 432 valde
1255 383 1530 446 hirsutum,
1568 385 1653 436 vix
1692 388 1880 450 pedale.

179 522 299 574 780.
341 524 402 571 (Β.
445 522 723 581 alpinum
764 521 897 570 mihi.

249 619 415 670 Radix
455 620 686 685 perennis
728 619 921 685 oblique
976 637 1182 685 repens,
1248 639 1456 687 pennam
1512 628 1705 676 anseris
1746 629 1952 694 eygnive

113 710 342 771 crassitie
383 736 622 785 aequans,
665 718 825 782 fusca,
863 719 1047 770 fibrosa
1091 721 1341 772 radiculas
1382 726 1545 774 edens.
1590 724 1774 776 Caules
1803 730 1952 777 erecti

113 830 194 870 aut
243 820 605 870 adscendentes
656 819 1062 885 sesquipedales,
1115 821 1645 886 subsnlcato-striati,
1698 827 1953 892 aequaleS,

113 920 306 985 glabri,
349 919 549 981 laeves,
602 935 816 984 superne
858 922 903 968 in
942 921 977 970 2
1005 950 1066 958 -—-
1097 919 1132 969 3
1170 935 1334 971 ramos
1375 938 1460 970 seu
1503 924 1806 986 pedunculos
1849 943 1951 975 um-

109 1007 366 1070 belli'fer'os
407 1019 568 1069 divisi.
687 1019 830 1068 Folia
870 1019 1150 1081 biternata,
1190 1020 1374 1070 foliolis
1416 1022 1604 1087 ovatis,
1645 1026 1949 1083 subtrilobis,

110 1118 237 1168 lohis
295 1116 748 1179 inciso-serratiS,
816 1115 1086 1166 serraturis
1145 1118 1478 1180 mueronatis,
1549 1136 1699 1184 supra
1761 1121 1954 1186 glabra,

112 1221 284 1269 subtus
323 1218 521 1283 hispida
564 1217 674 1282 pilis
719 1217 1007 1266 rarioribus.
1061 1216 1285 1281 Vaginae
1328 1220 1503 1269 breves
1545 1220 1954 1284 amplexieaules,

113 1319 335 1385 margine
394 1317 716 1379 subciliatae,
785 1317 1024 1368 auriculis
1083 1319 1447 1381 subbarbatae,
1518 1330 1660 1369 extus
1731 1320 1954 1385 glabrae,

112 1415 588 1467 sulcato-striatae.
703 1416 926 1465 Petiolus
980 1417 1254 1466 eommunis
1307 1416 1510 1482 glaber,
1557 1417 1796 1482 partiales
1837 1423 1952 1468 sub-

112 1513 292 1580 hispidi
333 1515 449 1579 pilis
489 1515 733 1581 adspersi.
777 1515 1091 1566 Peduneulus
1135 1515 1378 1566 umbellae
1419 1517 1752 1566 subsuleatus.
1806 1518 1951 1567 Radii

111 1615 366 1681 angulati,
406 1615 595 1681 glabri,
635 1615 822 1666 laeves.
898 1616 1200 1666 Involueella
1245 1616 1734 1678 lineari-subulam,
1793 1620 1951 1666 demto

111 1716 252 1781 apice
294 1715 480 1766 eiliata.
559 1715 736 1766 Petala
775 1717 1018 1778 obovata,
1069 1717 1214 1779 alba,
1269 1725 1413 1767 extus
1456 1718 1802 1780 pubescentia,
1865 1735 1951 1766 ex-

111 1815 294 1864 teriora
346 1815 666 1865 flosculorum
717 1815 1014 1866 extimorum
1055 1816 1201 1880 paulo
1245 1816 1450 1882 majora.
1547 1817 1773 1867 Stamina
1816 1828 1953 1882 peta-

110 1915 171 1965 lis
221 1915 479 1980 longiora3
536 1915 687 1966 filam.
740 1916 896 1975 albis3
974 1916 1195 1966 antheris
1250 1916 1430 1980 pallide
1472 1916 1629 1966 flavis.
1741 1918 1953 1967 Gen-men

110 2014 405 2080 oblongum,
445 2014 702 2080 glabrum,
740 2016 897 2066 laeve.
976 2015 1174 2065 Semina
1217 2016 1425 2078 similia,
1477 2015 1731 2080 longiora,
1783 2018 1950 2074 nitida,

110 2113 251 2182 stylis
290 2114 457 2180 longis
498 2115 870 2178 divergent‘ibus
913 2125 1218 2166 mucronata.
1277 2115 1481 2165 Habitat
1520 2116 1567 2165 in
1609 2116 1790 2181 alpinis
1817 2134 1953 2166 moun

109 2217 171 2264 tis
225 2215 434 2270 Krivan.
511 2216 682 2266 Floret
734 2217 976 2281 Augusto.
1073 2216 1256 2281 Reperi
1310 2225 1472 2265 tamen
1527 2219 1694 2265 eodem
1746 2218 1793 2266 in
1844 2217 1951 2266 loeo

109 2315 256 2365 etiam
313 2316 448 2366 foliis
507 2315 862 2381 glabriuseulis
918 2326 964 2364 et
1018 2294 1170 2366 aliam
1231 2316 1519 2366 varietatem
1564 2318 1703 2366 caule
1743 2317 1950 2367 hirsuto.

108 2416 182 2465 An
221 2413 272 2467 G.
310 2415 508 2465 hirsuti
549 2417 766 2467 varietas
790 2454 802 2478 ‚
844 2418 904 2465 ad
948 2417 1079 2482 quod
1116 2417 1326 2465 aecedit.

178 2553 299 2605 781.
338 2556 401 2603 (3.
441 2557 872 2604 aromaticum.

248 2651 348 2702 Sed
388 2653 622 2717 genicula
663 2653 885 2703 tumida..
981 2653 1030 2701 lu
1082 2651 1222 2701 silvis
1264 2652 1464 2714 Budae,
1518 2650 1565 2701 in
1606 2654 1831 2719 Syr-mio,
1886 2655 1948 2704 ad

109 2751 329 2815 Herlein¹
369 2761 417 2801 et
454 2751 634 2814 Rzink,
692 2752 870 2809 ibidem
924 2753 1070 2801 etiam
1121 2752 1170 2800 in
1210 2751 1438 2815 sepibus,
1504 2752 1661 2812 hortis
1703 2762 1749 2801 et
1789 2753 1947 2812 areis3

108 2852 155 2900 in
205 2850 403 2916 alpib-us
450 2852 904 2917 Bereghiensfflus,
971 2851 1047 2900 nbi
1099 2850 1260 2900 eaulis
1308 2850 1569 2909 hirsutior,
1646 2852 1945 2905 adHerlein

106 2951 334 3014 glabrum
377 2951 618 3012 occurrit,
657 2961 743 3000 aut
784 2951 925 3000 eanle
967 2949 1089 3000 setis
1133 2950 1303 3014 paneis
1338 2951 1610 3014 adspersis.

175 3078 297 3130 782.
337 3082 400 3129 (Ξ.
426 3094 719 3128 aureum.

258 3176 432 3227 Caulis
504 3196 598 3227 uon
657 3195 772 3227 raro
824 3177 1225 3241 glabriuseulus,
1288 3175 1418 3224 alias
1475 3176 1581 3224 basi
1642 3174 1942 3237 potissimum

105 3275 358 3340 hispidus,
409 3277 456 3326 in
498 3277 696 3343 alpibus
738 3277 955 3341 pedalis,
1007 3277 1053 3325 in
1094 3275 1431 3337 Szenszkiput
1470 3275 1563 3323 sub.
1603 3271 1803 3334 Badany
1844 3273 1943 3333 spi-

105 3376 365 3427 thamaeus
406 3377 691 3440 breviorve,
751 3376 1078 3426 communiter
1113 3375 1305 3424 unicum
1348 3383 1533 3423 tantum
1575 3371 1813 3434 angulum
1854 3385 1941 3416 ex-

1505 3467 1613 3519 1Ῑῇ
