2195 3657
1883 143 2006 204 223

171 278 405 331 Croatiae
465 290 511 330 et
570 281 746 332 Cottus
804 282 1180 349 Siimeghiensis
1250 288 1312 337 sit
1373 289 1603 339 distincta
1673 293 1868 355 species
1932 298 2003 345 ni-

171 382 361 434 mirum.

255 480 376 532 971.
412 485 485 529 Β.
525 484 845 530 barbatum.

311 580 482 631 Cauiis
524 588 751 644 erectus,
804 579 1022 644 pedalis,
1073 591 1157 630 aut
1200 583 1344 645 paulo
1387 584 1609 646 brevior,
1659 602 1872 650 superne
1916 606 2001 652 pro

166 679 534 730 inflorescentia
577 680 621 728 in
662 678 828 728 2-3
867 695 1032 728 ramos
1073 679 1286 744 divisus,
1327 698 1421 731 non
1462 698 1574 733 raro
1616 685 1762 735 etiam
1806 701 1866 734 ex
1910 703 2006 737 una

165 776 386 837 alterave
425 774 582 827 axilla
619 774 855 825 inferiore
898 792 1083 826 ramum
1125 793 1391 839 exserens,
1443 780 1648 831 striatus
1688 784 2005 834 scabriuscu-

165 877 259 927 lus,
334 875 480 925 Folia
520 875 826 937 lanceolata,
865 884 1041 940 acuta,
1080 877 1187 926 basi
1228 876 1276 926 in
1312 878 1546 942 petiolum
1584 890 1871 945 angustata,
1911 888 1998 933 ob-

164 976 322 1026 solete
363 975 600 1026 trinervia
641 975 837 1040 punctis
878 975 1171 1039 promiuulis
1212 978 1420 1040 scabra,
1474 982 1698 1045 margine
1738 985 2003 1035 serrulata.

165 1075 340 1126 Petioli
393 1074 573 1126 canliui
627 1075 861 1124 inferiore
915 1085 1056 1140 parte
1108 1076 1154 1126 iu
1208 1078 1374 1127 tubum
1428 1079 1842 1144 amplexicaulem
1883 1101 2002 1134 con-

163 1175 295 1238 nati,
352 1174 575 1239 margine
634 1176 1014 1225 membranaceo
1069 1175 1241 1226 ciliati.
1351 1177 1529 1227 Flores
1578 1179 1889 1247 fasciculati‚
1957 1184 2003 1233 iu

164 1275 421 1327 fasciculis
461 1276 691 1325 distincte
752 1274 1099 1340 pedunculatis
1141 1278 1459 1329 subsessiles.
1568 1279 1809 1333 Bracteae
1850 1284 2002 1333 fasci-

165 1377 304 1427 culos
345 1376 622 1441 stipantes,
664 1377 863 1426 eosdem
901 1378 1297 1442 subaequanteS‚
1347 1387 1432 1429 aut
1472 1383 1795 1445 excedentes,
1855 1372 2000 1434 dorso

163 1477 671 1536 striato-nervosae,
713 1476 917 1538 laeves,
955 1476 1191 1526 inferiore
1234 1485 1373 1542 parte
1416 1478 1720 1544 marginibus
1761 1486 2003 1535 membra-

164 1589 380 1635 naceae,
453 1571 670 1623 ciliatae.
782 1573 943 1640 Calyx
1006 1592 1160 1641 prope
1220 1578 1452 1640 excolor,
1514 1583 2002 1644 nervoso-striatas,

163 1674 364 1740 glaber,
406 1674 591 1736 laevis,
633 1672 827 1723 laciniis
868 1674 1164 1725 lanceolatis
1203 1679 1817 1743 subulato-acumiuatis‚
1871 1699 2000 1733 mar-

162 1773 277 1839 gine
316 1773 505 1824 inferne
547 1773 972 1837 membranaceis,
1010 1775 1306 1827 subciliatis.
1384 1777 1559 1829 Petala
1601 1796 1868 1844 purpurea,
1910 1785 2000 1831 ob-

156 1872 697 1925 ovato-cuneiformia.
796 1874 1047 1939 Squamae
1090 1876 1275 1942 calycis
1317 1879 1808 1942 ovato-sulmlatae‚
1870 1898 1999 1932 mar-

157 1973 355 2039 ginibus
395 1973 584 2023 inferne
624 1973 1048 2036 membranaceis,
1100 1976 1399 2026 subciliatis.
1510 1977 1716 2031 Habitat
1770 1980 1815 2029 in
1856 1980 1995 2031 silvis

156 2082 203 2124 et
257 2073 464 2124 dumetis
505 2073 680 2123 Cottus
719 2074 1100 2139 Siimeghiensis
1153 2083 1198 2124 et
1251 2075 1442 2128 vicinae
1483 2076 1745 2141 Omanae,
1814 2080 1994 2132 Slavo-

157 2173 296 2236 uiae,
339 2174 384 2222 in
428 2172 583 2237 pratis
623 2174 682 2223 ad
715 2172 1051 2238 Nemetiiyvar
1072 2174 1302 2238 Clusius,
1343 2176 1418 2225 cui
1461 2184 1536 2228 est
1562 2177 1846 2229 Armcrius
1873 2174 1996 2230 sini-

152 2270 384 2339 plicz’bus
403 2270 555 2338 flore
588 2277 878 2340 pannonio.
919 2273 1208 2341 Hungaris
1246 2275 1394 2328 Isten
1431 2280 1602 2345 nyila.

237 2371 363 2424 1972.
403 2376 475 2421 l).
516 2374 846 2422 brunaticus
886 2374 963 2423 vel
999 2377 1520 2427 trifasciculatuS.

297 2469 485 2521 Similis
528 2470 750 2536 sequenti
806 2489 833 2521 a
883 2490 975 2537 quo
1019 2481 1181 2524 tamen
1230 2476 1457 2525 diversus
1512 2476 1719 2526 videtur.
1831 2477 1996 2529 Radix

156 2569 401 2634 perennis
481 2554 668 2621 Caules'
703 2573 882 2634 erecti,
937 2575 1342 2639 sesquipedales,
1403 2575 1774 2640 simplicissimi.
1851 2577 1995 2629 Folia

154 2686 421 2721 numerosa
462 2671 632 2720 eadem
677 2671 925 2736 tegentia,
977 2672 1266 2724 internodiis
1317 2674 1463 2740 triplo
1505 2675 1759 2740 longiora,
1810 2678 1993 2727 subtri-

157 2769 981 2836 pollicari-liueari-lanceolata,
1022 2781 1187 2836 acuta,
1226 2774 1497 2838 7-nervia,
1538 2774 1761 2840 utrinque
1799 2776 1994 2842 glabra,

155 2867 446 2940 laeviaque,
501 2868 809 2935 marginibus
868 2871 1145 2934 seri-inlata,
1213 2872 1319 2924 basi
1360 2882 1661 2939 angustata,
1715 2874 1992 2941 ibidemque

154 2962 376 3035 margine
426 2971 832 3034 membranacea,
890 2972 1055 3021 laevia
1105 2990 1203 3022 non
1254 2973 1422 3024 ciliata
1471 2991 1561 3024 sen
1610 2975 1886 3038 serrulata,
1944 2975 1992 3024 in

155 3071 354 3120 brevem
393 3070 614 3121 tubulum
654 3081 885 3122 coinnata.
975 3072 1153 3123 Flores
1194 3075 1488 3140 aggregati,
1544 3075 1593 3124 in
1633 3083 1734 3126 tres
1758 3076 1990 3127 'fascicu-

153 3165 257 3227 loS‚
295 3166 444 3215 dense
485 3174 755 3230 congestos
795 3167 1036 3231 conferti,
1075 3170 1406 3232 subsessiles‚
1443 3170 1698 3222 fasciculis
1739 3174 1987 3234 peduncu-

146 3263 293 3315 latis:
346 3266 637 3330 pedunculis
679 3266 967 3334 plerumque
1006 3269 1087 3317 vix
1130 3286 1276 3320 unam
1316 3270 1503 3320 duasve
1542 3270 1701 3320 lineas
1741 3271 1986 3318 exceden-

153 3365 313 3428 tibus,
373 3366 486 3418 aliis
535 3367 678 3417 etiam
741 3366 803 3435 ¹s4
846 3367 1038 3432 pollicis
1089 3367 1270 3434 longis.
1380 3368 1754 3420 Inflorescentia
1804 3368 1987 3432 stipata
