2195 3657
246 66 366 128 116

243 214 566 264 communiter
618 213 892 277 longiores.
1003 212 1217 259 Bractea
1268 209 1473 259 linearis
1525 210 1586 258 ad
1629 217 1786 258 ortum
1830 206 2093 271 pedunculi

242 313 500 375 lateralis,
563 322 610 360 et
660 328 758 360 una
809 311 1030 360 alterave
1086 310 1176 358 sub
1219 308 1368 371 flore,
1429 326 1543 358 mox
1585 308 1774 374 calycis
1815 307 2096 372 siibpilosa.

244 412 408 479 Calyx
449 420 645 472 ovatus,
685 413 1119 459 subtomentosus:
1161 408 1381 473 squamis
1408 407 1908 471 lineari-subulatis,
1948 408 2095 456 dorso

245 512 378 561 linea
419 511 579 575 pilosa
618 510 904 558 instructis:
948 508 1061 572 pilis
1101 509 1287 573 nigris,
1350 507 1685 569 brevissimis,
1738 505 2096 572 eglaudulosis.

245 610 450 662 Corolla
489 618 535 657 et.
576 609 817 674 genitalia
863 616 911 656 ut
962 608 1012 657 in
1049 606 1123 655 H.
1165 625 1465 665 murorum,
1523 592 1787 672 nequidem
1821 608 2100 671 pubescen-

244 711 312 760 tia
356 709 707 759 corollularum
751 710 967 772 dempta.
1043 707 1222 757 Differt
1262 710 1322 757 ab
1363 706 1439 758 H.
1482 724 1756 757 alterorum
1797 707 1941 773 cujus
1982 721 2098 758 cae-

242 820 397 860 teram
438 818 743 859 structuram
781 809 959 858 habet:
1025 809 1072 872 1)
1113 808 1268 856 herba
1309 808 1529 870 minore,
1584 810 1636 873 2)
1677 807 1868 857 corolla
1911 806 2098 873 majore

243 910 290 960 in
343 909 516 975 calyce
568 909 786 971 minore,
862 909 922 972 3)
974 907 1295 957 florescentia
1347 907 1541 970 priore,
1617 910 1671 969 4)
1725 907 1867 957 caule
1920 907 2101 969 farem,

244 1018 551 1071 tomentoso‚
613 1009 670 1075 5)
711 1007 918 1057 floribus
962 1009 1162 1070 paucis,
1204 1008 1290 1056 vix
1331 1007 1458 1057 ultra
1502 1010 1563 1069 4,
1602 1007 1802 1072 longius
1846 1010 2099 1072 peduncu-

243 1112 383 1172 latis‚
458 1111 519 1176 6)
559 1108 926 1158 inflorescentia
984 1107 1147 1156 bifida.
1260 1107 1467 1158 Habitat
1518 1108 1565 1156 in
1607 1107 2101 1177 rupibus-calcareis

242 1209 522 1274 subalpinis
564 1208 819 1258 Croatiae.

312 1311 436 1363 521.
475 1315 550 1359 ΙΙ.
591 1311 998 1360 cordifolium
1034 1307 1168 1357 mihi.

385 1410 551 1460 Radix
594 1409 857 1473 perennis,
899 1409 1137 1473 primaria
1179 1407 1406 1472 obliqua,
1448 1406 1528 1456 vix
1570 1407 1955 1473 semipollicaris
1987 1408 2099 1458 lon-

242 1511 510 1577 gitudinis,
559 1510 607 1559 in
648 1509 744 1558 fine
788 1510 1096 1558 senescendo
1141 1524 1461 1572 praemorsa,
1517 1524 1725 1572 pennam
1772 1507 1919 1573 cygni
1960 1523 2101 1558 cras-

243 1612 355 1661 sitie
387 1627 629 1676 aequans,
673 1609 1033 1674 fusco-nigra,
1076 1607 1330 1658 radiculas
1372 1606 1634 1657 filiformes
1674 1608 1862 1670 fuscas,
1906 1609 2101 1674 sesqui—

244 1723 329 1763 aut
371 1713 691 1778 bipollieares
733 1710 1010 1782 demittens,
1108 1708 1254 1758 Folia
1305 1709 1546 1760 radicalia
1581 1711 1792 1773 (4——6)
1843 1709 2104 1773 petiolata‚

243 1816 681 1873 cordato-ovata,
723 1812 901 1861 obtusa
943 1827 1049 1859 cuin
1087 1826 1322 1859 mucrone
1351 1810 1517 1871 brevi,
1558 1809 1959 1875 acuminataque,
2001 1810 2103 1859 alia

246 1914 597 1980 integerrima,
638 1912 741 1962 alia
781 1928 957 1961 versus
1001 1911 1141 1960 basin
1183 1914 1418 1975 dentata,
1457 1928 1608 1975 supra
1650 1911 1998 1976 glabr-iuscula
2020 1914 2105 1961 a'ut

246 2015 359 2080 pilis
400 2016 676 2079 adspersa,
729 2014 905 2063 subtus
948 2012 1211 2062 sublanata
1257 2011 1520 2077 ciliataque
1565 2012 1678 2076 pilis
1718 2012 1914 2079 longis,
1953 2011 2101 2062 albis.

243 2116 423 2166 Petioli
464 2115 598 2165 foliis
640 2114 953 2164 brevioribus
994 2113 1340 2174 albo-lanati.
1398 2113 1549 2178 Scapi
1588 2101 2105 2179 simplicestpitha-

245 2217 373 2273 maei
417 2225 501 2266 aut
541 2215 692 2280 paulo
736 2214 1020 2280 longiores,
1073 2213 1255 2276 eremi,
1310 2214 1498 2263 inferne
1543 2214 1654 2279 pilis
1695 2215 1957 2279 adspersi,
2012 2216 2102 2264 sub

242 2314 364 2364 flore
430 2314 778 2379 nigrescentes
849 2313 1209 2377 pubescentes,
1273 2311 1403 2360 infra
1459 2311 1630 2360 florem
1698 2312 1986 2377 plerumque
2041 2328 2103 2367 ex

245 2414 551 2475 axilla-solii
594 2410 1198 2463 lanceolam-acuminati
1243 2412 1530 2477 plerumque
1579 2412 1735 2462 lanati
1776 2412 2104 2477 pedunculum

247 2514 570 2566 subbiflorum
612 2520 936 2574 exserentes,
992 2521 1244 2561 caeterum
1285 2512 1491 2579 aphylli.
1573 2512 1733 2579 Calyx
1777 2523 1982 2576 ovatus,
2030 2512 2106 2562 ni-

245 2632 517 2681 grescens,
581 2616 879 2679 pubescens.
995 2613 1195 2664 Corolia
1237 2615 1609 2676 aureo-nava,
1659 2615 1818 2680 major
1868 2631 2020 2680 quam-
2059 2615 2104 2664 in

245 2709 319 2760 H.
336 2727 642 2760 murorum:
687 2710 943 2759 corollulis
985 2727 1071 2759 seu
1106 2710 1285 2776 'ligulis
1327 2711 1467 2776 apice
1512 2710 2107 2777 truucato-inciso·quiu-

248 2811 591 2874 quedentatis,
632 2826 807 2859 versus
849 2810 1071 2859 tubulum
1114 2822 1160 2859 et
1203 2812 1370 2860 tubulo
1417 2811 1821 2875 pubescentibus.
1927 2810 2105 2861 Flores

248 2910 394 2974 pauci
445 2911 658 2972 2-6,
721 2911 999 2960 terminalis
1054 2911 1345 2961 brevissime
1401 2913 1793 2976 pedunculatus;
1869 2911 2106 2962 laterales

247 3010 453 3060 altiores
516 3011 564 3060 in
634 3011 925 3074 pedunculis
990 3012 1214 3062 unifloris
1277 3013 1450 3063 foliolo
1526 3014 1826 3064 lanceolato,
1872 3012 2103 3063 subulato

247 3111 463 3176 stipatis.
543 3111 797 3161 Genitalia
840 3122 890 3160 ut
931 3112 978 3161 in
1022 3113 1242 3177 reliquis·
1319 3113 1528 3164 Habitat
1576 3113 1625 3163 in
1676 3121 1839 3163 monte
1880 3112 2104 3179 Szituya.

249 3213 328 3264 ΕΙ.
368 3212 507 3262 initio
548 3211 697 3262 Julio.
813 3213 905 3263 Vix
958 3213 1126 3276 specie
1169 3214 1419 3264 diversum
1459 3216 1521 3265 ab
1562 3212 1635 3260 H.
1678 3230 1951 3263 murorum
1991 3229 2102 3269 nam
2161 3280 2167 3285 .

249 3330 614 3379 nonnumquam
659 3313 817 3363 caulis
858 3313 1028 3363 folium
1073 3314 1380 3377 petiolatum.
