2195 3657
1837 165 1962 226 245

203 307 356 359 1051.
393 312 461 354 Τ.
502 309 918 367 microphylla
956 307 1125 357 Willd.
1209 306 1266 357 T.
1307 312 1620 377 parvq'folia
1647 311 1827 365 Hoffin.
1865 313 1961 366 2T.

125 406 353 456 cordata
394 404 519 453 Mill.
603 402 664 454 Τ.
703 405 982 471 ulmz'fole'a
1024 407 1173 471 Scop.

255 505 507 556 ,Braeteae
557 503 761 567 longius
823 505 1211 568 pedunculatae‚
1273 508 1474 558 floribus
1527 509 1807 574 longiores,
1877 513 1961 560 sed

125 619 489 668 nonnumquam
533 602 832 652 contrarium
875 603 1075 654 obtinet.

205 703 352 752 1052.
394 707 462 749 Τ.
502 705 663 750 alba.
717 700 791 752 Pl.
834 718 928 750 rar.
972 700 1139 767 Hung.
1166 703 1198 752 Ι.
1240 711 1270 751 t.
1297 703 1346 754 3.

734 896 1350 964 Hypericaceae.

202 1009 351 1061 1053.
399 1013 780 1070 Hyperi-icum
820 1016 1349 1070 quadrangulare.

267 1109 452 1159 Caules
504 1118 550 1157 et.
590 1109 737 1173 folia,
798 1110 1092 1172 praesertim
1147 1111 1400 1176 margine,
1452 1113 1643 1176 punctis
1684 1113 1838 1180 nigris
1879 1117 1965 1163 ad-

124 1225 329 1273 spersa,
383 1210 509 1258 haec
548 1211 753 1275 iusuper
805 1209 1091 1259 tenuissime
1144 1211 1692 1277 pellucido-punctam.
1770 1214 1965 1264 Variatt

121 1330 173 1359 α.
218 1309 357 1359 caule
407 1309 778 1372 ramosissiino‚
830 1309 960 1359 foliis
1013 1310 1421 1375 angustioribus,
1486 1312 1686 1363 floribus
1737 1330 1966 1363 numero-

123 1407 336 1459 sissimis
376 1410 526 1458 dense
569 1408 836 1470 confertis,
889 1411 1030 1474 quale
1086 1410 1133 1459 in
1171 1411 1384 1460 humidis
1436 1412 1706 1462 insularum
1764 1422 1810 1462 et
1852 1431 1966 1478 pra-

126 1519 283 1558 torum
336 1509 574 1570 occurrit3
648 1514 700 1573 β.
747 1510 885 1559 caule
939 1510 1275 1574 subsimpliei,
1330 1513 1432 1560 sere
1488 1520 1673 1562 tantum
1726 1512 1866 1578 apice
1917 1513 1964 1562 in

126 1611 408 1676 corymbum
460 1610 633 1659 florum
686 1609 872 1659 diviso:
936 1609 1067 1658 foliis
1131 1611 1408 1661 latioribus.
1522 1612 1665 1661 Folia
1727 1612 1966 1663 inferiora

123 1707 447 1772 impuuctata.
526 1705 697 1754 caulis
738 1706 907 1771 anguli
954 1707 1253 1769 eminentes,
1294 1706 1526 1758 subalati.

200 1807 351 1858 1054.
390 1812 464 1857 11.
505 1809 774 1855 (lubitum

265 1908 318 1957 In
372 1908 567 1970 alpibns
609 1907 839 1971 Seepusii
893 1908 1044 1975 (nude
1097 1926 1127 1960 a
1177 1910 1427 1960 Maukseli
1483 1913 1573 1961 sub
1623 1913 1767 1962 dubio
1821 1922 1868 1961 et
1917 1913 1963 1963 iu

121 2007 348 2069 Krivan‚
408 2007 552 2057 etiam
597 2024 621 2058 e
662 2007 935 2057 Racskova
986 2008 1207 2073 Rochel‚
1272 2011 1440 2061 eaiiles
1482 2013 1808 2062 ascendentes
1849 2012 1966 2062 siina

122 2108 314 2172 plices,
373 2110 432 2156 ad
474 2108 699 2157 acidulas
738 2107 1114 2160 Herleinenses.
1186 2114 1236 2174 β.
1276 2110 1434 2160 Foliis
1476 2111 1669 2174 punctis
1710 2111 1966 2176 pellucidis

121 2206 315 2273 sparsis
357 2207 546 2271 paneis.
623 2209 696 2255 Ad
737 2206 960 2258 Herleiu.
1042 2209 1201 2258 Etiam
1252 2209 1652 2276 Csfikatornyam
1694 2211 1791 2275 legi
1833 2211 1965 2261 foliis

122 2305 369 2371 pellucido
386 2335 405 2343 —
429 2305 671 2370 nigroque
714 2305 977 2370 punctalis.

194 2405 348 2456 1055.
387 2411 460 2454 ΙΙ.
503 2408 867 2465 ambiguum
905 2405 1039 2456 mihi.

260 2504 425 2554 Radix
469 2521 680 2570 repens,
731 2522 1122 2570 purpurascens.
1200 2506 1383 2557 Canles
1434 2507 1808 2573 sesquipedales
1860 2507 1966 2557 lon-

122 2604 383 2671 gioresve,
438 2606 614 2666 erecti,
667 2614 849 2656 teretes
892 2624 998 2655 cum
1039 2609 1070 2657 4
1109 2607 1253 2656 lineis
1294 2607 1648 2670 eminentibus,
1697 2608 1965 2673 simplices,

124 2705 268 2770 apice
311 2713 499 2753 tantum
543 2721 630 2768 pro
674 2705 1043 2754 inflorescentia
1093 2707 1391 2771 corymbosa
1441 2706 1600 2756 divisi.
1676 2707 1819 2756 Folia
1859 2723 1970 2757 ses·

121 2803 234 2854 silia
279 2805 519 2865 obovata,
561 2806 767 2865 obtusa,
807 2805 1163 2870 integerrima,
1208 2821 1449 2872 nervosa,
1494 2805 1965 2871 pellucido-nigro·

123 2920 214 2970 que
277 2912 528 2969 punctata.
643 2903 843 2970 Calycis
919 2905 1090 2956 foliola
1154 2906 1670 2970 emption-obtusa,
1744 2906 1963 2971 integer-

121 3004 279 3066 rima,
320 3003 574 3054 rarissime
616 3003 1069 3069 nigro-punctam.
1140 3005 1314 3056 Petala
1355 3005 1597 3070 oblonga,
1637 3007 1839 3067 obtusa,
1890 3006 1965 3055 iu·

121 3105 416 3170 tegerrima,
455 3105 597 3170 nigro
615 3112 910 3169 -puuetata,
953 3105 1146 3156 striata.
1207 3106 1458 3157 Autherae
1499 3106 1956 3171 nigro-punctam&

123 3203 252 3270 styli
292 3211 409 3253 tres.
486 3205 543 3253 lu
580 3213 743 3254 moute
784 3204 1021 3272 Harsziuy
1059 3205 1388 3271 Baranyensi.
1486 3204 1699 3254 Habitus
1736 3203 1811 3253 Η.
1847 3203 1959 3252 hir-

124 3306 247 3353 suti.
325 3302 457 3352 Tota
501 3305 670 3368 planta
713 3305 905 3369 glabra.
981 3304 1055 3355 An
1095 3303 1168 3352 H.
1201 3305 1356 3355 dubie·
1393 3305 1630 3356 varietas.
1707 3304 1873 3351 Floret
1911 3302 1961 3355 in

123 3401 268 3452 finem
308 3402 539 3468 Augusti.
