2195 3657
191 131 320 192 200

277 285 399 336 898.
438 290 508 334 Ν.
548 289 714 335 alba.

330 383 404 432 Ad
448 382 610 432 Keiloz
653 382 873 432 occurrit
912 382 1066 434 multo
1107 385 1268 435 minor
1308 386 1436 437 lehis
1476 387 1792 438 distantibus.

278 484 400 536 899.
438 488 507 532 Ν.
547 486 760 532 Lotus.

334 583 500 647 Supra
540 581 761 633 thermas
803 582 1121 649 episcopales
1159 583 1210 634 in
1260 584 1375 635 rivo·
1408 585 1557 637 Pece.

909 796 1341 854 Cistineae.

279 908 403 961 900.
444 910 655 959 (listas
695 911 1077 961 salvifolius·

336 1008 392 1058 In
433 1009 684 1059 montanis
723 1009 997 1074 Litoralis,
1047 1011 1197 1064 Host.

286 1108 406 1159 901.
481 1111 995 1160 Helianthemum
1057 1116 1355 1162 Fumana.
1467 1109 1872 1163 Chamaecistus
1949 1109 2057 1163 IV.

195 1206 332 1258 Clus.
380 1207 497 1259 hist.
539 1208 623 1260 75.

340 1308 398 1358 In
460 1308 713 1358 montibus
754 1310 943 1374 apricis
982 1310 1153 1361 Budae
1210 1318 1303 1361 ete.
1341 1312 1485 1377 inque
1527 1311 1668 1362 clivis
1707 1312 1937 1363 arenosis
1979 1329 2066 1376 per

197 1408 475 1475 planiorem
515 1409 843 1474 flung-ariam.

279 1502 408 1562 902.
451 1514 526 1557 11.
580 1512 991 1559 marifolium.
1090 1508 1262 1579 Cistys
1310 1527 1479 1560 canus
1531 1510 1666 1577 Jacq.
1753 1509 1804 1560 C.
1846 1512 2062 1580 myrtis.

194 1608 342 1662 Lam.
419 1607 824 1659 Chamaece‘stus
865 1608 987 1662 III.
1066 1610 1202 1662 Clus.
1244 1612 1361 1662 hisi.
1400 1612 1485 1663 74.

337 1710 392 1759 ln
431 1713 680 1760 montibus
718 1710 845 1761 calc.
885 1712 947 1760 ad
989 1710 1250 1775 Palmam,
1289 1711 1558 1775 Cszikwst,
1597 1710 1839 1779 Harseiuy
1882 1712 2061 1777 (Bara—

194 1810 419 1877 nyensi),
460 1810 678 1876 alibique
719 1810 974 1876 frequens,

281 1910 404 1962 903.
442 1916 516 1960 11.
558 1912 970 1960 uelandieum.
1067 1907 1476 1960 Chamaecistus
1521 1909 1605 1966 II.
1646 1909 1784 1961 Clus.
1824 1909 1941 1962 hist.
1973 1911 2058 1963 73.

341 2010 391 2060 ln
434 2008 599 2060 Choes
641 2010 753 2074 alpe
796 2008 1061 2075 Liptoviae
1106 2026 1213 2059 eum
1257 2006 1333 2057 H.
1376 2009 1629 2074 vulgari,
1674 2027 1697 2058 e
1741 2010 1987 2076 Set-pusio
2031 2028 2057 2059 a

197 2112 506 2171 Genersich3
548 2111 807 2165 Velebieh.
881 2111 1046 2162 Habet
1088 2111 1420 2161 definitionem
1464 2109 1599 2160 Cistz'
1633 2113 1859 2177 anglici,
1900 2112 2059 2179 quiin

196 2212 275 2262 Fl.
318 2211 430 2260 brit.
472 2228 502 2260 a
538 2210 699 2260 Smith
742 2213 802 2261 ad
845 2208 897 2261 C.
938 2212 1287 2278 mare‘folimn
1328 2210 1525 2260 citatur.
1621 2208 1797 2261 Cauiis
1837 2210 2061 2261 suffumi-

200 2327 348 2362 eosus
390 2313 741 2376 procumbenS‚
782 2318 921 2376 parte
965 2312 1175 2361 florente
1222 2321 1437 2362 erectus·
1510 2311 1655 2361 Folia
1697 2312 1932 2377 opposita
1973 2329 2062 2360 ex-

199 2411 467 2476 stipulata,
509 2412 768 2478 postulata,
812 2412 991 2479 plana,
1033 2413 1081 2462 in
1108 2412 1343 2476 petiolum
1371 2420 1661 2479 angustata,
1702 2411 2064 2473 obtusiuscula,

198 2513 424 2571 hirsuta,
475 2515 538 2564 ad
580 2512 857 2578 specimina
900 2531 924 2563 e
967 2512 1206 2565 Velehich
1246 2514 1445 2564 notavi:
1504 2513 1627 2564 folia
1678 2513 1794 2578 pilis
1844 2511 2063 2564 fascicu-

201 2615 316 2665 latis
357 2631 469 2665 esse
510 2613 681 2666 eiliata
723 2623 770 2663 et
809 2615 986 2665 subtus
1027 2614 1212 2665 talibus
1254 2617 1516 2679 adspersa.
1579 2613 1758 2665 Flores
1798 2614 2062 2665 racemosi.

203 2714 366 2781 Calyx
404 2716 658 2774 hirsutus,
720 2732 893 2766 canus.
968 2715 1157 2766 Eadem
1200 2715 1424 2766 obtinent
1463 2716 1512 2765 in
1551 2714 1764 2765 exoticis
1804 2714 2064 2781 exempla-

204 2817 370 2879 ribus,
429 2818 590 2868 minus
630 2825 794 2869 tamen
834 2817 1063 2869 hirsutis,
1140 2817 1192 2867 lu
1233 2816 1497 2867 Plissivica
1552 2816 1769 2867 maxime
1821 2815 2064 2867 hirsutum

205 2915 436 2966 occurrit.
514 2917 769 2968 Mauksch
808 2916 944 2968 misit
985 2916 1132 2966 etiam
1175 2916 1430 2981 specimen
1486 2932 1510 2964 e
1553 2931 1746 2966 summa
1786 2914 1899 2981 alpe
1941 2915 2065 2965 calc.

205 3017 575 3068 Kesmarkensi
628 3018 772 3069 valde
823 3018 1104 3080 hirsutum,
1169 3017 1335 3068 addito
1387 3015 1659 3082 specimine
1699 3013 1772 3064 H.
1813 3016 2066 3082 vulgaris

206 3118 476 3183 stipulatu,
518 3127 568 3168 ut
609 3120 733 3168 adeo
774 3120 1050 3169 monendus
1092 3117 1184 3180 sit,
1223 3134 1333 3167 eum
1366 3119 1491 3168 duas
1530 3115 1727 3181 species
1762 3115 2066 3166 confudisse.

294 3218 417 3270 904.
455 3223 530 3267 ΙΙ.
569 3220 886 3268 nochelii.

352 3314 526 3366 Simile
583 3313 660 3366 H.
698 3316 952 3382 vulgari,
1016 3316 1102 3365 sed
1157 3300 1536 3380 exstipulatum.
1635 3314 1715 3365 Ex
1763 3312 2068 3380 alpestribus

208 3415 394 3467 Choes.
