2195 3657
1859 98 1930 157 ll

98 265 379 322 subulatae,
419 270 614 322 acutae,
654 258 877 321 margine
908 257 1340 309 membranaceae,
1375 253 1522 300 dorso
1551 249 1939 310 scabriusculae,

98 364 316 413 exterior
354 371 399 410 et
437 359 642 409 inferior
679 358 839 406 minor
877 356 1160 416 trinervius,
1199 351 1427 415 superior
1466 350 1781 399 5-nervins:
1824 365 1935 396 ner-

98 464 173 513 vis
244 461 434 511 nonnisi
493 477 581 524 per
640 460 820 507 lentem
882 454 1129 515 videndis,
1197 453 1329 500 linea
1388 450 1634 513 diapliana
1693 447 1935 496 discretis.

99 563 319 612 Flosculi
382 561 599 625 calycem
664 560 991 616 excedentes,
1065 553 1337 616 oblongae,
1395 549 1574 615 glumis
1630 546 1938 611 longitudine

100 662 514 727 subaequalibns,
575 657 927 718 acutiusculis,
987 655 1208 718 margine
1249 649 1671 709 membranaceis,
1723 646 1941 696 exterior

100 766 246 813 dorso
288 762 481 822 virens,
521 757 890 818 scabriuscula,
931 753 1254 814 subeas-rvia,
1297 751 1462 800 nervis
1504 749 1589 798 vix
1628 765 1718 812 per
1760 748 1937 795 lentem

100 862 440 913 discernendis
496 861 554 918 5,
610 859 816 908 interior
874 858 1015 920 apice
1066 857 1290 919 integra,
1348 853 1406 900 ad
1466 852 1684 898 flexurae
1725 848 1937 910 angulos

98 946 315 1013 virentes
367 962 565 1009 scaln'a.
682 956 909 1007 Stamina
949 957 1032 1004 vix
1095 953 1316 1003 flosculis
1355 949 1609 1015 longiora:
1660 946 1942 1006 filamentis,

102 1061 389 1112 tenuissime
431 1058 717 1123 capillaceis
757 1056 916 1106 albis:
975 1054 1197 1104 authoris
1236 1051 1543 1110 linearibus,
1597 1048 1821 1111 utrinque
1873 1044 1943 1092 bi-

102 1162 241 1223 fidis,
280 1163 489 1210 obscure
533 1157 1028 1223 purpurascentilnls.
1123 1154 1342 1204 Germen
1385 1153 1678 1212 obovatum,
1732 1147 1941 1212 diapha—

76 1246 243 1325 stium,
283 1261 399 1327 styli
438 1260 769 1324 stigmataquc
812 1258 957 1316 alba,
1000 1253 1420 1320 penicilliformia.
1498 1253 1678 1301 Semen
1721 1287 1732 1300 .
1776 1287 1786 1298 .
1828 1284 1840 1296 .
1882 1285 1893 1299 .

244 1360 451 1409 Habitat
491 1360 538 1408 in
580 1357 880 1424 graminosis
910 1355 1188 1420 subalpinis
1212 1353 1460 1403 Croatiae.
1505 1352 1674 1400 Floret
1701 1352 1942 1416 Augusto.

189 1463 270 1512 41.
312 1466 576 1509 Bromus
620 1474 829 1517 asper.

246 1562 300 1610 In
340 1560 555 1610 vallibus
596 1559 838 1608 silvaticis
880 1575 920 1608 e.
967 1575 1006 1606 c.
1051 1557 1217 1606 Budae
1257 1555 1385 1604 infra
1426 1554 1620 1603 Schone
1663 1550 1945 1615 Schaferin,

106 1661 151 1709 in
196 1659 406 1724 Bakony
447 1658 509 1707 ad
544 1655 729 1705 Lokut.

193 1762 279 1811 42.
317 1766 386 1808 B.
427 1762 775 1819 giganteus.

244 1859 300 1908 In
341 1857 480 1908 silvis
522 1857 698 1906 Cottus
740 1856 965 1920 Zemplin
1010 1872 1053 1907 e.
1094 1872 1136 1905 c.
1178 1856 1238 1903 ad
1280 1851 1511 1919 Kohany.

96 1981 107 1992 ·
179 1960 261 2009 45.
298 1964 518 2008 secale
559 1961 930 2015 campestre.

245 2058 411 2108 Radix
450 2074 642 2119 annua,
699 2057 894 2116 albida,
944 2053 1145 2103 fibrosa.
1235 2052 1395 2102 Culmi
1446 2069 1507 2100 ex
1559 2052 1729 2100 eadem
1779 2049 1946 2098 radice

102 2159 224 2209 3„-„
255 2160 317 2217 5,
381 2158 560 2220 erecti,
629 2174 770 2221 quem
822 2173 1007 2204 morem
1058 2155 1107 2203 in
1158 2171 1310 2204 arena
1363 2153 1510 2202 etiam
1573 2152 1699 2201 aliae
1763 2150 1944 2214 stirpes

105 2266 402 2323 sequnntur,
444 2258 703 2315 declinati,
745 2274 858 2306 raro
902 2258 1075 2320 pedem
1118 2254 1373 2304 altitudine
1417 2262 1742 2318 superantes,
1792 2267 1943 2315 saepe

109 2355 404 2419 spithamaei
446 2363 530 2404 aut
572 2362 617 2402 et
661 2353 944 2414 breviores,
986 2351 1176 2417 glabri,
1218 2351 1349 2401 infra
1388 2352 1577 2415 spicam
1601 2350 1943 2400 holosericeo-

105 2455 296 2516 villosi,
347 2455 545 2515 laeves,
596 2453 763 2516 nitidi,
814 2460 1024 2514 teretes,
1076 2469 1251 2501 versus
1292 2451 1522 2516 genicula
1561 2450 1751 2512 striati,
1805 2453 1948 2498 tubu-

106 2555 228 2620 losi,
278 2555 522 2621 geniculis
563 2554 724 2604 3——4
765 2555 976 2602 obscure
1017 2552 1591 2601 fusco-rubescentiluis
1630 2550 1945 2613 interstincti,

107 2655 236 2705 infra
278 2654 508 2719 genicula
551 2654 823 2714 attenuati,
865 2653 950 2701 toti
990 2651 1184 2717 vaginis
1226 2653 1358 2700 tecti.

246 2752 389 2801 Folia
432 2752 605 2817 plana,
645 2751 882 2813 linearia,
922 2750 1003 2800 vix
1044 2767 1258 2815 unquam
1300 2751 1425 2799 ultra
1467 2751 1501 2801 3
1538 2750 1747 2814 pollices
1779 2751 1944 2815 longa,

105 2852 330 2918 margine
371 2854 580 2912 scabra,
620 2851 934 2916 vaginaeque
976 2851 1211 2912 striatae,
1261 2851 1503 2900 inferiora
1543 2868 1651 2900 cum
1688 2851 1769 2900 his
1804 2850 1948 2900 holo-

109 2955 564 3012 sericeo-villosa‚
625 2955 885 3019 superiora
941 2954 1146 3019 glabra,
1206 2954 1398 3003 laevia:
1457 2953 1671 3017 vaginae
1723 2950 1944 3016 margine

109 3056 545 3114 membranaceae,
586 3053 870 3117 superiores
911 3053 1097 3103 sensim
1136 3052 1400 3111 dilatatae,
1445 3051 1633 3116 spicam
1675 3052 1764 3099 sub
1802 3049 1948 3098 flore-

106 3152 296 3202 scentia
346 3153 430 3202 vix
482 3161 632 3202 totam
686 3169 940 3217 emergere
982 3153 1218 3203 sinentes.
1331 3152 1483 3217 Spica
1526 3148 1946 3216 1¹l2-——2-polli-

109 3253 264 3310 caris,
309 3260 503 3316 erecta,
549 3254 773 3304 12--15
812 3253 1016 3317 spiculis
1056 3253 1265 3306 alternis
1304 3252 1492 3301 bifloris
1532 3259 1781 3302 constans.
1838 3249 1942 3296 Ra-

109 3352 214 3403 chis
254 3369 473 3418 anceps,
512 3360 720 3418 utroque
762 3353 988 3418 margine
1017 3352 1439 3417 sericeo-pilosa.
1517 3351 1723 3401 Glumae
1758 3348 1944 3415 calycis
