<?xml version="1.0" encoding="UTF-8"?>
<!DOCTYPE html PUBLIC "-//W3C//DTD XHTML 1.0 Transitional//EN"
    "http://www.w3.org/TR/xhtml1/DTD/xhtml1-transitional.dtd">
<html xmlns="http://www.w3.org/1999/xhtml" xml:lang="en" lang="en">
 <head>
  <title>
</title>
<meta http-equiv="Content-Type" content="text/html;charset=utf-8" />
  <meta name='ocr-system' content='tesseract 3.04.00' />
  <meta name='ocr-capabilities' content='ocr_page ocr_carea ocr_par ocr_line ocrx_word'/>
</head>
<body>
  <div class='ocr_page' id='page_1' title='image "./additamentaadflo00kita_0087.png"; bbox 0 0 2195 3657; ppageno 0'>
   <div class='ocr_carea' id='block_1_1' title="bbox 1849 54 1927 114">
    <p class='ocr_par' dir='ltr' id='par_1_1' title="bbox 1849 54 1927 114">
     <span class='ocr_line' id='line_1_1' title="bbox 1849 54 1927 114; baseline 0 0"><span class='ocrx_word' id='word_1_1' title='bbox 1849 54 1927 114; x_wconf 79' lang='lat'>81</span> 
     </span>
    </p>
   </div>
   <div class='ocr_carea' id='block_1_2' title="bbox 95 188 1933 560">
    <p class='ocr_par' dir='ltr' id='par_1_2' title="bbox 95 188 1933 560">
     <span class='ocr_line' id='line_1_2' title="bbox 95 188 1930 270; baseline 0.008 -32"><span class='ocrx_word' id='word_1_2' title='bbox 95 188 241 250; x_wconf 88' lang='lat' dir='ltr'>latis,</span> <span class='ocrx_word' id='word_1_3' title='bbox 278 188 421 253; x_wconf 82' lang='lat' dir='ltr'>apice</span> <span class='ocrx_word' id='word_1_4' title='bbox 459 188 866 254; x_wconf 82' lang='lat' dir='ltr'>marginibusque</span> <span class='ocrx_word' id='word_1_5' title='bbox 906 194 1317 244; x_wconf 80' lang='lat' dir='ltr'><strong>membranaceis.</strong></span> <span class='ocrx_word' id='word_1_6' title='bbox 1376 196 1568 247; x_wconf 82' lang='lat' dir='ltr'>Radius</span> <span class='ocrx_word' id='word_1_7' title='bbox 1595 200 1930 270; x_wconf 76' lang='lat' dir='ltr'>multi-(20-)</span> 
     </span>
     <span class='ocr_line' id='line_1_3' title="bbox 95 287 1931 360; baseline 0.007 -24"><span class='ocrx_word' id='word_1_8' title='bbox 95 288 277 337; x_wconf 85' lang='lat' dir='ltr'>florus:</span> <span class='ocrx_word' id='word_1_9' title='bbox 315 287 486 352; x_wconf 83' lang='lat' dir='ltr'>ligulis</span> <span class='ocrx_word' id='word_1_10' title='bbox 525 288 650 337; x_wconf 86' lang='lat' dir='ltr'>albis</span> <span class='ocrx_word' id='word_1_11' title='bbox 693 289 1050 352; x_wconf 84' lang='lat' dir='ltr'>patentissimis</span> <span class='ocrx_word' id='word_1_12' title='bbox 1074 330 1086 353; x_wconf 92' lang='lat'>,</span> <span class='ocrx_word' id='word_1_13' title='bbox 1127 295 1299 360; x_wconf 72' lang='lat' dir='ltr'>calyce</span> <span class='ocrx_word' id='word_1_14' title='bbox 1340 295 1678 360; x_wconf 78' lang='lat' dir='ltr'>longioribus,</span> <span class='ocrx_word' id='word_1_15' title='bbox 1716 299 1931 348; x_wconf 79' lang='lat' dir='ltr'>lineari-</span> 
     </span>
     <span class='ocr_line' id='line_1_4' title="bbox 95 386 1933 464; baseline 0.007 -30"><span class='ocrx_word' id='word_1_16' title='bbox 95 386 356 451; x_wconf 84' lang='lat' dir='ltr'>elliptiois,</span> <span class='ocrx_word' id='word_1_17' title='bbox 403 387 547 450; x_wconf 82' lang='lat' dir='ltr'>apice</span> <span class='ocrx_word' id='word_1_18' title='bbox 585 386 905 437; x_wconf 76' lang='lat' dir='ltr'>3-dentatis.</span> <span class='ocrx_word' id='word_1_19' title='bbox 1017 389 1198 440; x_wconf 82' lang='lat' dir='ltr'>Discus</span> <span class='ocrx_word' id='word_1_20' title='bbox 1243 393 1707 459; x_wconf 64' lang='lat' dir='ltr'>hemisphaerii-us,</span> <span class='ocrx_word' id='word_1_21' title='bbox 1756 399 1933 464; x_wconf 85' lang='lat' dir='ltr'>flavus,</span> 
     </span>
     <span class='ocr_line' id='line_1_5' title="bbox 95 484 1912 560; baseline 0.009 -29"><span class='ocrx_word' id='word_1_22' title='bbox 95 484 350 534; x_wconf 79' lang='lat' dir='ltr'>rorollulis</span> <span class='ocrx_word' id='word_1_23' title='bbox 400 484 447 532; x_wconf 91' lang='lat' dir='ltr'>in</span> <span class='ocrx_word' id='word_1_24' title='bbox 500 486 670 533; x_wconf 86' lang='lat' dir='ltr'>dentes</span> <span class='ocrx_word' id='word_1_25' title='bbox 723 486 898 533; x_wconf 86' lang='lat' dir='ltr'>breves</span> <span class='ocrx_word' id='word_1_26' title='bbox 946 496 1123 537; x_wconf 85' lang='lat' dir='ltr'>acutos</span> <span class='ocrx_word' id='word_1_27' title='bbox 1162 490 1374 541; x_wconf 80' lang='lat' dir='ltr'>5-fidis.</span> <span class='ocrx_word' id='word_1_28' title='bbox 1486 494 1690 544; x_wconf 80' lang='lat' dir='ltr'>Semina</span> <span class='ocrx_word' id='word_1_29' title='bbox 1738 497 1912 560; x_wconf 81' lang='lat' dir='ltr'>glabra</span> 
     </span>
    </p>
   </div>
   <div class='ocr_carea' id='block_1_3' title="bbox 55 539 1933 3210">
    <p class='ocr_par' dir='ltr' id='par_1_3' title="bbox 55 539 1933 3210">
     <span class='ocr_line' id='line_1_6' title="bbox 1920 539 1933 560; baseline 0 0"><span class='ocrx_word' id='word_1_30' title='bbox 1920 539 1933 560; x_wconf 70' lang='lat'><em>2</em></span> 
     </span>
     <span class='ocr_line' id='line_1_7' title="bbox 93 582 1932 660; baseline 0.007 -28"><span class='ocrx_word' id='word_1_31' title='bbox 93 583 282 643; x_wconf 88' lang='lat' dir='ltr'>laevia,</span> <span class='ocrx_word' id='word_1_32' title='bbox 347 600 508 646; x_wconf 86' lang='lat' dir='ltr'>pappo</span> <span class='ocrx_word' id='word_1_33' title='bbox 562 582 826 644; x_wconf 70' lang='lat' dir='ltr'>destituta,</span> <span class='ocrx_word' id='word_1_34' title='bbox 887 599 1101 645; x_wconf 79' lang='lat' dir='ltr'>superne</span> <span class='ocrx_word' id='word_1_35' title='bbox 1155 589 1302 651; x_wconf 84' lang='lat' dir='ltr'>paulo</span> <span class='ocrx_word' id='word_1_36' title='bbox 1354 591 1633 653; x_wconf 79' lang='lat' dir='ltr'>crassiora,</span> <span class='ocrx_word' id='word_1_37' title='bbox 1705 595 1932 660; x_wconf 86' lang='lat' dir='ltr'>utrinqne</span> 
     </span>
     <span class='ocr_line' id='line_1_8' title="bbox 96 682 1933 754; baseline 0.008 -25"><span class='ocrx_word' id='word_1_38' title='bbox 96 682 250 731; x_wconf 75' lang='lat' dir='ltr'>sulcis</span> <span class='ocrx_word' id='word_1_39' title='bbox 298 682 426 730; x_wconf 89' lang='lat' dir='ltr'>binis</span> <span class='ocrx_word' id='word_1_40' title='bbox 482 691 718 744; x_wconf 81' lang='lat' dir='ltr'>exarata,</span> <span class='ocrx_word' id='word_1_41' title='bbox 774 683 890 732; x_wconf 86' lang='lat' dir='ltr'>hine</span> <span class='ocrx_word' id='word_1_42' title='bbox 944 686 1234 736; x_wconf 73' lang='lat' dir='ltr'>eminentias</span> <span class='ocrx_word' id='word_1_43' title='bbox 1283 691 1316 738; x_wconf 90' lang='grc'>4</span> <span class='ocrx_word' id='word_1_44' title='bbox 1364 689 1751 754; x_wconf 82' lang='lat' dir='ltr'>longitudinales</span> <span class='ocrx_word' id='word_1_45' title='bbox 1791 697 1933 744; x_wconf 83' lang='lat' dir='ltr'>exhi-</span> 
     </span>
     <span class='ocr_line' id='line_1_9' title="bbox 95 777 1929 851; baseline 0.008 -25"><span class='ocrx_word' id='word_1_46' title='bbox 95 778 288 839; x_wconf 86' lang='lat' dir='ltr'>bentia,</span> <span class='ocrx_word' id='word_1_47' title='bbox 330 777 540 842; x_wconf 87' lang='lat' dir='ltr'>pallida,</span> <span class='ocrx_word' id='word_1_48' title='bbox 590 777 753 830; x_wconf 84' lang='lat' dir='ltr'>fusca.</span> <span class='ocrx_word' id='word_1_49' title='bbox 863 779 1254 842; x_wconf 81' lang='lat' dir='ltr'>Receptaculum</span> <span class='ocrx_word' id='word_1_50' title='bbox 1296 800 1599 851; x_wconf 76' lang='lat' dir='ltr'>convexum,</span> <span class='ocrx_word' id='word_1_51' title='bbox 1652 789 1929 841; x_wconf 87' lang='lat' dir='ltr'>eminentiis</span> 
     </span>
     <span class='ocr_line' id='line_1_10' title="bbox 90 876 1116 942; baseline 0.002 -18"><span class='ocrx_word' id='word_1_52' title='bbox 90 876 403 942; x_wconf 84' lang='lat' dir='ltr'>foveolisque</span> <span class='ocrx_word' id='word_1_53' title='bbox 441 876 703 940; x_wconf 79' lang='lat' dir='ltr'>inaequale</span> <span class='ocrx_word' id='word_1_54' title='bbox 745 893 831 925; x_wconf 90' lang='lat' dir='ltr'>seu</span> <span class='ocrx_word' id='word_1_55' title='bbox 871 880 1116 928; x_wconf 82' lang='lat' dir='ltr'>scabrum.</span> 
     </span>
     <span class='ocr_line' id='line_1_11' title="bbox 229 973 1931 1050; baseline 0.008 -27"><span class='ocrx_word' id='word_1_56' title='bbox 229 973 433 1024; x_wconf 76' lang='lat' dir='ltr'>Habitat</span> <span class='ocrx_word' id='word_1_57' title='bbox 473 974 598 1023; x_wconf 88' lang='lat' dir='ltr'>iuter</span> <span class='ocrx_word' id='word_1_58' title='bbox 637 984 837 1038; x_wconf 77' lang='lat' dir='ltr'>segetes</span> <span class='ocrx_word' id='word_1_59' title='bbox 885 986 932 1025; x_wconf 89' lang='lat' dir='ltr'>et</span> <span class='ocrx_word' id='word_1_60' title='bbox 991 977 1038 1025; x_wconf 90' lang='lat' dir='ltr'>in</span> <span class='ocrx_word' id='word_1_61' title='bbox 1077 994 1312 1043; x_wconf 83' lang='lat' dir='ltr'>agrorum</span> <span class='ocrx_word' id='word_1_62' title='bbox 1353 984 1574 1032; x_wconf 82' lang='lat' dir='ltr'>versuris</span> <span class='ocrx_word' id='word_1_63' title='bbox 1609 993 1757 1050; x_wconf 86' lang='lat' dir='ltr'>atque</span> <span class='ocrx_word' id='word_1_64' title='bbox 1796 1005 1931 1038; x_wconf 87' lang='lat' dir='ltr'>mar-</span> 
     </span>
     <span class='ocr_line' id='line_1_12' title="bbox 88 1072 1927 1144; baseline 0.01 -24"><span class='ocrx_word' id='word_1_65' title='bbox 88 1072 287 1136; x_wconf 80' lang='lat' dir='ltr'>ginibus</span> <span class='ocrx_word' id='word_1_66' title='bbox 327 1072 376 1122; x_wconf 90' lang='lat' dir='ltr'>in</span> <span class='ocrx_word' id='word_1_67' title='bbox 416 1072 562 1121; x_wconf 87' lang='lat' dir='ltr'>Cottu</span> <span class='ocrx_word' id='word_1_68' title='bbox 604 1073 959 1138; x_wconf 78' lang='lat' dir='ltr'>Siimeghiensi</span> <span class='ocrx_word' id='word_1_69' title='bbox 999 1093 1044 1127; x_wconf 90' lang='lat' dir='ltr'>e.</span> <span class='ocrx_word' id='word_1_70' title='bbox 1080 1093 1122 1125; x_wconf 83' lang='lat' dir='ltr'>c.</span> <span class='ocrx_word' id='word_1_71' title='bbox 1163 1079 1226 1127; x_wconf 84' lang='lat' dir='ltr'>ad</span> <span class='ocrx_word' id='word_1_72' title='bbox 1266 1078 1561 1144; x_wconf 79' lang='lat' dir='ltr'>Baboesam,</span> <span class='ocrx_word' id='word_1_73' title='bbox 1600 1082 1646 1132; x_wconf 90' lang='lat' dir='ltr'>in</span> <span class='ocrx_word' id='word_1_74' title='bbox 1671 1084 1927 1138; x_wconf 84' lang='lat' dir='ltr'>Slavonia.</span> 
     </span>
     <span class='ocr_line' id='line_1_13' title="bbox 158 1152 1387 1219; baseline 0 -1"><span class='ocrx_word' id='word_1_75' title='bbox 158 1169 280 1219; x_wconf 79' lang='lat'><strong>345.</strong></span> <span class='ocrx_word' id='word_1_76' title='bbox 321 1172 384 1217; x_wconf 76' lang='lat' dir='ltr'>G.</span> <span class='ocrx_word' id='word_1_77' title='bbox 419 1174 792 1218; x_wconf 79' lang='lat' dir='ltr'>montanum.</span> <span class='ocrx_word' id='word_1_78' title='bbox 1385 1152 1387 1154; x_wconf 15' lang='lat'>³</span> 
     </span>
     <span class='ocr_line' id='line_1_14' title="bbox 211 1268 983 1332; baseline -0.001 -17"><span class='ocrx_word' id='word_1_79' title='bbox 211 1268 282 1328; x_wconf 33' lang='lat' dir='ltr'>,ln</span> <span class='ocrx_word' id='word_1_80' title='bbox 320 1268 593 1317; x_wconf 86' lang='lat' dir='ltr'>Marmatia</span> <span class='ocrx_word' id='word_1_81' title='bbox 634 1278 680 1316; x_wconf 85' lang='lat' dir='ltr'>et</span> <span class='ocrx_word' id='word_1_82' title='bbox 721 1268 983 1332; x_wconf 76' lang='lat' dir='ltr'>Srepusio.</span> 
     </span>
     <span class='ocr_line' id='line_1_15' title="bbox 155 1366 1926 1440; baseline 0.007 -24"><span class='ocrx_word' id='word_1_83' title='bbox 155 1366 278 1417; x_wconf 82' lang='lat'><strong>346.</strong></span> <span class='ocrx_word' id='word_1_84' title='bbox 315 1368 378 1415; x_wconf 66' lang='grc' dir='ltr'>(Ἰ.</span> <span class='ocrx_word' id='word_1_85' title='bbox 414 1371 834 1415; x_wconf 77' lang='lat' dir='ltr'>lanceolatum</span> <span class='ocrx_word' id='word_1_86' title='bbox 873 1368 1014 1418; x_wconf 84' lang='lat' dir='ltr'>Pers.</span> <span class='ocrx_word' id='word_1_87' title='bbox 1056 1369 1175 1436; x_wconf 78' lang='lat' dir='ltr'>Syn.</span> <span class='ocrx_word' id='word_1_88' title='bbox 1212 1368 1266 1423; x_wconf 74' lang='lat' dir='ltr'>C.</span> <span class='ocrx_word' id='word_1_89' title='bbox 1305 1371 1733 1440; x_wconf 65' lang='lat' dir='ltr'>heterophyllum</span> <span class='ocrx_word' id='word_1_90' title='bbox 1757 1376 1926 1428; x_wconf 89' lang='lat' dir='ltr'>Willd.</span> 
     </span>
     <span class='ocr_line' id='line_1_16' title="bbox 224 1464 742 1516; baseline 0.008 -4"><span class='ocrx_word' id='word_1_91' title='bbox 224 1465 278 1513; x_wconf 91' lang='lat' dir='ltr'>In</span> <span class='ocrx_word' id='word_1_92' title='bbox 318 1465 459 1513; x_wconf 86' lang='lat' dir='ltr'>silvis</span> <span class='ocrx_word' id='word_1_93' title='bbox 490 1464 742 1516; x_wconf 85' lang='lat' dir='ltr'>Croatiae.</span> 
     </span>
     <span class='ocr_line' id='line_1_17' title="bbox 153 1563 1468 1634; baseline 0.005 -21"><span class='ocrx_word' id='word_1_94' title='bbox 153 1563 278 1614; x_wconf 73' lang='lat'><strong>347.</strong></span> <span class='ocrx_word' id='word_1_95' title='bbox 323 1568 385 1612; x_wconf 74' lang='lat'>(3.</span> <span class='ocrx_word' id='word_1_96' title='bbox 424 1567 922 1614; x_wconf 76' lang='lat' dir='ltr'>rotundifolium.</span> <span class='ocrx_word' id='word_1_97' title='bbox 972 1564 1046 1613; x_wconf 88' lang='lat' dir='ltr'>Pl.</span> <span class='ocrx_word' id='word_1_98' title='bbox 1088 1565 1261 1618; x_wconf 84' lang='lat' dir='ltr'>rarior.</span> <span class='ocrx_word' id='word_1_99' title='bbox 1304 1567 1468 1634; x_wconf 85' lang='lat' dir='ltr'>Hung.</span> 
     </span>
     <span class='ocr_line' id='line_1_18' title="bbox 223 1661 1926 1734; baseline 0.008 -25"><span class='ocrx_word' id='word_1_100' title='bbox 223 1663 277 1710; x_wconf 88' lang='lat' dir='ltr'>ln</span> <span class='ocrx_word' id='word_1_101' title='bbox 320 1661 610 1727; x_wconf 74' lang='lat' dir='ltr'>Viilkgrund</span> <span class='ocrx_word' id='word_1_102' title='bbox 664 1680 818 1727; x_wconf 83' lang='lat' dir='ltr'>prope</span> <span class='ocrx_word' id='word_1_103' title='bbox 872 1674 1188 1728; x_wconf 73' lang='lat' dir='ltr'>cataractas,</span> <span class='ocrx_word' id='word_1_104' title='bbox 1238 1667 1349 1716; x_wconf 71' lang='lat' dir='ltr'>dvin</span> <span class='ocrx_word' id='word_1_105' title='bbox 1400 1669 1448 1718; x_wconf 89' lang='lat' dir='ltr'>iu</span> <span class='ocrx_word' id='word_1_106' title='bbox 1498 1671 1612 1734; x_wconf 84' lang='lat' dir='ltr'>alpe</span> <span class='ocrx_word' id='word_1_107' title='bbox 1656 1670 1826 1722; x_wconf 88' lang='lat' dir='ltr'>Guttin</span> <span class='ocrx_word' id='word_1_108' title='bbox 1864 1677 1926 1723; x_wconf 88' lang='lat' dir='ltr'>ad</span> 
     </span>
     <span class='ocr_line' id='line_1_19' title="bbox 86 1760 1924 1829; baseline 0.007 -20"><span class='ocrx_word' id='word_1_109' title='bbox 86 1760 562 1827; x_wconf 64' lang='lat' dir='ltr'>Kapnik-Bainyam</span> <span class='ocrx_word' id='word_1_110' title='bbox 614 1771 711 1811; x_wconf 87' lang='lat' dir='ltr'>tum</span> <span class='ocrx_word' id='word_1_111' title='bbox 752 1763 801 1812; x_wconf 88' lang='lat' dir='ltr'>in</span> <span class='ocrx_word' id='word_1_112' title='bbox 840 1763 1038 1827; x_wconf 87' lang='lat' dir='ltr'>alpibus</span> <span class='ocrx_word' id='word_1_113' title='bbox 1077 1765 1519 1829; x_wconf 74' lang='lat' dir='ltr'>Bereghiensibus.</span> <span class='ocrx_word' id='word_1_114' title='bbox 1595 1770 1734 1820; x_wconf 82' lang='lat' dir='ltr'>Misit</span> <span class='ocrx_word' id='word_1_115' title='bbox 1774 1771 1924 1822; x_wconf 84' lang='lat' dir='ltr'>etiam</span> 
     </span>
     <span class='ocr_line' id='line_1_20' title="bbox 86 1861 1923 1930; baseline 0.008 -23"><span class='ocrx_word' id='word_1_116' title='bbox 86 1861 294 1923; x_wconf 81' lang='lat' dir='ltr'>repetito</span> <span class='ocrx_word' id='word_1_117' title='bbox 334 1861 587 1911; x_wconf 83' lang='lat' dir='ltr'>Mauksoh</span> <span class='ocrx_word' id='word_1_118' title='bbox 629 1878 693 1910; x_wconf 85' lang='lat' dir='ltr'>ex</span> <span class='ocrx_word' id='word_1_119' title='bbox 731 1862 928 1926; x_wconf 85' lang='lat' dir='ltr'>alpibus</span> <span class='ocrx_word' id='word_1_120' title='bbox 968 1862 1222 1927; x_wconf 70' lang='lat' dir='ltr'>Scepusii.</span> <span class='ocrx_word' id='word_1_121' title='bbox 1311 1867 1361 1915; x_wconf 86' lang='lat' dir='ltr'>ln</span> <span class='ocrx_word' id='word_1_122' title='bbox 1410 1866 1523 1930; x_wconf 88' lang='lat' dir='ltr'>alpe</span> <span class='ocrx_word' id='word_1_123' title='bbox 1563 1868 1837 1920; x_wconf 70' lang='lat' dir='ltr'>Racskova</span> <span class='ocrx_word' id='word_1_124' title='bbox 1876 1882 1923 1920; x_wconf 80' lang='lat' dir='ltr'>ot</span> 
     </span>
     <span class='ocr_line' id='line_1_21' title="bbox 85 1957 904 2021; baseline 0.004 -15"><span class='ocrx_word' id='word_1_125' title='bbox 85 1957 429 2006; x_wconf 83' lang='lat' dir='ltr'>chnissiensi</span> <span class='ocrx_word' id='word_1_126' title='bbox 469 1958 656 2021; x_wconf 86' lang='lat' dir='ltr'>reperit</span> <span class='ocrx_word' id='word_1_127' title='bbox 694 1958 904 2009; x_wconf 82' lang='lat' dir='ltr'>Rochel.</span> 
     </span>
     <span class='ocr_line' id='line_1_22' title="bbox 151 2055 954 2115; baseline 0 -9"><span class='ocrx_word' id='word_1_128' title='bbox 151 2055 270 2106; x_wconf 77' lang='lat'>348.</span> <span class='ocrx_word' id='word_1_129' title='bbox 309 2058 655 2106; x_wconf 74' lang='lat' dir='ltr'>Artemisia</span> <span class='ocrx_word' id='word_1_130' title='bbox 690 2060 954 2115; x_wconf 72' lang='lat' dir='ltr'>spicata.</span> 
     </span>
     <span class='ocr_line' id='line_1_23' title="bbox 220 2154 1918 2226; baseline 0.006 -24"><span class='ocrx_word' id='word_1_131' title='bbox 220 2154 273 2202; x_wconf 90' lang='lat' dir='ltr'>ln</span> <span class='ocrx_word' id='word_1_132' title='bbox 314 2154 518 2219; x_wconf 86' lang='lat' dir='ltr'>rupibus</span> <span class='ocrx_word' id='word_1_133' title='bbox 559 2156 804 2205; x_wconf 59' lang='lat' dir='ltr'>cali-areis</span> <span class='ocrx_word' id='word_1_134' title='bbox 853 2156 1038 2220; x_wconf 73' lang='lat' dir='ltr'>apr-iris</span> <span class='ocrx_word' id='word_1_135' title='bbox 1091 2157 1275 2221; x_wconf 80' lang='lat' dir='ltr'>alpium</span> <span class='ocrx_word' id='word_1_136' title='bbox 1317 2161 1743 2226; x_wconf 80' lang='lat' dir='ltr'>Scepusiensium.</span> <span class='ocrx_word' id='word_1_137' title='bbox 1815 2166 1918 2214; x_wconf 86' lang='lat' dir='ltr'>Re-</span> 
     </span>
     <span class='ocr_line' id='line_1_24' title="bbox 82 2252 1922 2323; baseline 0.008 -23"><span class='ocrx_word' id='word_1_138' title='bbox 82 2252 394 2317; x_wconf 65' lang='lat' dir='ltr'>cept-‘iculum</span> <span class='ocrx_word' id='word_1_139' title='bbox 456 2255 635 2302; x_wconf 84' lang='lat' dir='ltr'>nudum</span> <span class='ocrx_word' id='word_1_140' title='bbox 688 2255 820 2303; x_wconf 83' lang='lat' dir='ltr'>conf.</span> <span class='ocrx_word' id='word_1_141' title='bbox 859 2255 999 2320; x_wconf 77' lang='lat' dir='ltr'>Jarq.</span> <span class='ocrx_word' id='word_1_142' title='bbox 1053 2267 1212 2305; x_wconf 88' lang='lat' dir='ltr'>austr.</span> <span class='ocrx_word' id='word_1_143' title='bbox 1252 2259 1301 2306; x_wconf 80' lang='lat'>5.</span> <span class='ocrx_word' id='word_1_144' title='bbox 1355 2276 1470 2323; x_wconf 86' lang='lat' dir='ltr'>app.</span> <span class='ocrx_word' id='word_1_145' title='bbox 1513 2271 1546 2310; x_wconf 89' lang='lat' dir='ltr'>t.</span> <span class='ocrx_word' id='word_1_146' title='bbox 1582 2263 1671 2313; x_wconf 82' lang='lat'>34.</span> <span class='ocrx_word' id='word_1_147' title='bbox 1763 2263 1922 2313; x_wconf 73' lang='lat' dir='ltr'>wah-</span> 
     </span>
     <span class='ocr_line' id='line_1_25' title="bbox 80 2351 1816 2421; baseline 0.007 -22"><span class='ocrx_word' id='word_1_148' title='bbox 80 2352 289 2416; x_wconf 79' lang='lat' dir='ltr'>lenberg</span> <span class='ocrx_word' id='word_1_149' title='bbox 330 2359 469 2414; x_wconf 86' lang='lat' dir='ltr'>putat</span> <span class='ocrx_word' id='word_1_150' title='bbox 508 2351 755 2401; x_wconf 82' lang='lat' dir='ltr'>diversam</span> <span class='ocrx_word' id='word_1_151' title='bbox 796 2370 907 2402; x_wconf 89' lang='lat' dir='ltr'>esse</span> <span class='ocrx_word' id='word_1_152' title='bbox 950 2353 1154 2403; x_wconf 86' lang='lat' dir='ltr'>ssoribus</span> <span class='ocrx_word' id='word_1_153' title='bbox 1194 2355 1467 2421; x_wconf 86' lang='lat' dir='ltr'>majoribus</span> <span class='ocrx_word' id='word_1_154' title='bbox 1509 2361 1816 2412; x_wconf 84' lang='lat' dir='ltr'>nutantibus.</span> 
     </span>
     <span class='ocr_line' id='line_1_26' title="bbox 150 2441 1103 2509; baseline 0 -9"><span class='ocrx_word' id='word_1_155' title='bbox 150 2451 269 2500; x_wconf 66' lang='lat'>349.</span> <span class='ocrx_word' id='word_1_156' title='bbox 310 2456 380 2499; x_wconf 75' lang='lat' dir='ltr'>A.</span> <span class='ocrx_word' id='word_1_157' title='bbox 421 2454 732 2509; x_wconf 77' lang='lat' dir='ltr'>scoparia.</span> <span class='ocrx_word' id='word_1_158' title='bbox 1100 2441 1103 2444; x_wconf 40' lang='lat'>⁵</span> 
     </span>
     <span class='ocr_line' id='line_1_27' title="bbox 220 2550 1920 2625; baseline 0.007 -28"><span class='ocrx_word' id='word_1_159' title='bbox 220 2550 274 2598; x_wconf 91' lang='lat' dir='ltr'>In</span> <span class='ocrx_word' id='word_1_160' title='bbox 315 2550 526 2599; x_wconf 77' lang='lat' dir='ltr'>collibus</span> <span class='ocrx_word' id='word_1_161' title='bbox 577 2550 724 2599; x_wconf 72' lang='lat' dir='ltr'>siccis</span> <span class='ocrx_word' id='word_1_162' title='bbox 763 2551 980 2614; x_wconf 75' lang='lat' dir='ltr'>apricis,</span> <span class='ocrx_word' id='word_1_163' title='bbox 1032 2552 1081 2600; x_wconf 82' lang='lat' dir='ltr'>iu</span> <span class='ocrx_word' id='word_1_164' title='bbox 1123 2553 1266 2602; x_wconf 76' lang='lat' dir='ltr'>clivis</span> <span class='ocrx_word' id='word_1_165' title='bbox 1306 2556 1562 2616; x_wconf 85' lang='lat' dir='ltr'>arenosis,</span> <span class='ocrx_word' id='word_1_166' title='bbox 1616 2558 1663 2607; x_wconf 86' lang='lat' dir='ltr'>in</span> <span class='ocrx_word' id='word_1_167' title='bbox 1713 2563 1920 2625; x_wconf 68' lang='lat' dir='ltr'>aggeri-</span> 
     </span>
     <span class='ocr_line' id='line_1_28' title="bbox 78 2648 1910 2724; baseline 0.007 -27"><span class='ocrx_word' id='word_1_168' title='bbox 78 2651 196 2711; x_wconf 86' lang='lat' dir='ltr'>bus,</span> <span class='ocrx_word' id='word_1_169' title='bbox 225 2649 274 2698; x_wconf 88' lang='lat' dir='ltr'>in</span> <span class='ocrx_word' id='word_1_170' title='bbox 314 2648 476 2710; x_wconf 84' lang='lat' dir='ltr'>arvis,</span> <span class='ocrx_word' id='word_1_171' title='bbox 519 2649 734 2715; x_wconf 88' lang='lat' dir='ltr'>alibique</span> <span class='ocrx_word' id='word_1_172' title='bbox 777 2667 865 2714; x_wconf 88' lang='lat' dir='ltr'>per</span> <span class='ocrx_word' id='word_1_173' title='bbox 903 2650 1100 2700; x_wconf 86' lang='lat' dir='ltr'>Cottum</span> <span class='ocrx_word' id='word_1_174' title='bbox 1125 2651 1496 2717; x_wconf 82' lang='lat' dir='ltr'>Posthiensem,</span> <span class='ocrx_word' id='word_1_175' title='bbox 1535 2655 1910 2724; x_wconf 85' lang='lat' dir='ltr'>Hevesiensem,</span> 
     </span>
     <span class='ocr_line' id='line_1_29' title="bbox 74 2748 1257 2815; baseline 0.004 -19"><span class='ocrx_word' id='word_1_176' title='bbox 74 2749 369 2810; x_wconf 86' lang='lat' dir='ltr'>Albensem,</span> <span class='ocrx_word' id='word_1_177' title='bbox 409 2748 776 2815; x_wconf 81' lang='lat' dir='ltr'>Syrmiensem‚</span> <span class='ocrx_word' id='word_1_178' title='bbox 815 2749 1257 2802; x_wconf 64' lang='lat' dir='ltr'>&#39;frenesinensenm</span> 
     </span>
     <span class='ocr_line' id='line_1_30' title="bbox 145 2846 810 2906; baseline 0 -8"><span class='ocrx_word' id='word_1_179' title='bbox 145 2846 270 2898; x_wconf 78' lang='grc'><strong>350.</strong></span> <span class='ocrx_word' id='word_1_180' title='bbox 307 2852 378 2896; x_wconf 76' lang='grc' dir='ltr'>Α.</span> <span class='ocrx_word' id='word_1_181' title='bbox 418 2852 810 2906; x_wconf 76' lang='lat' dir='ltr'>campestris.</span> 
     </span>
     <span class='ocr_line' id='line_1_31' title="bbox 213 2945 1915 3018; baseline 0.008 -25"><span class='ocrx_word' id='word_1_182' title='bbox 213 2945 471 3011; x_wconf 83' lang='lat' dir='ltr'>Frequens</span> <span class='ocrx_word' id='word_1_183' title='bbox 510 2948 559 2997; x_wconf 90' lang='lat' dir='ltr'>in</span> <span class='ocrx_word' id='word_1_184' title='bbox 617 2947 845 2997; x_wconf 87' lang='lat' dir='ltr'>arenosis</span> <span class='ocrx_word' id='word_1_185' title='bbox 887 2946 1064 2997; x_wconf 87' lang='lat' dir='ltr'>Cottus</span> <span class='ocrx_word' id='word_1_186' title='bbox 1102 2947 1443 3013; x_wconf 87' lang='lat' dir='ltr'>Pesthiensis,</span> <span class='ocrx_word' id='word_1_187' title='bbox 1501 2952 1547 3001; x_wconf 93' lang='lat' dir='ltr'>in</span> <span class='ocrx_word' id='word_1_188' title='bbox 1609 2955 1915 3018; x_wconf 80' lang='lat' dir='ltr'>graminosis</span> 
     </span>
     <span class='ocr_line' id='line_1_32' title="bbox 55 3039 1915 3107; baseline 0.008 -19"><span class='ocrx_word' id='word_1_189' title='bbox 55 3039 224 3091; x_wconf 75' lang='lat' dir='ltr'>&#39;siccis</span> <span class='ocrx_word' id='word_1_190' title='bbox 289 3040 482 3090; x_wconf 83' lang='lat' dir='ltr'>collinis</span> <span class='ocrx_word' id='word_1_191' title='bbox 543 3041 851 3106; x_wconf 84' lang='lat' dir='ltr'>potissimum</span> <span class='ocrx_word' id='word_1_192' title='bbox 913 3043 1041 3092; x_wconf 89' lang='lat' dir='ltr'>inter</span> <span class='ocrx_word' id='word_1_193' title='bbox 1089 3045 1262 3101; x_wconf 85' lang='lat' dir='ltr'>vineas</span> <span class='ocrx_word' id='word_1_194' title='bbox 1311 3046 1611 3107; x_wconf 75' lang='lat' dir='ltr'>Varienses‚</span> <span class='ocrx_word' id='word_1_195' title='bbox 1674 3052 1725 3102; x_wconf 89' lang='lat' dir='ltr'>in</span> <span class='ocrx_word' id='word_1_196' title='bbox 1771 3052 1915 3103; x_wconf 87' lang='lat' dir='ltr'>Cottu</span> 
     </span>
     <span class='ocr_line' id='line_1_33' title="bbox 73 3138 1914 3210; baseline 0.004 -22"><span class='ocrx_word' id='word_1_197' title='bbox 73 3139 347 3200; x_wconf 85' lang='lat' dir='ltr'>Hontensi,</span> <span class='ocrx_word' id='word_1_198' title='bbox 386 3138 436 3188; x_wconf 83' lang='lat' dir='ltr'>in</span> <span class='ocrx_word' id='word_1_199' title='bbox 464 3148 640 3188; x_wconf 81' lang='lat' dir='ltr'>monte</span> <span class='ocrx_word' id='word_1_200' title='bbox 671 3139 876 3206; x_wconf 85' lang='lat' dir='ltr'>Tokay,</span> <span class='ocrx_word' id='word_1_201' title='bbox 914 3142 976 3190; x_wconf 88' lang='lat' dir='ltr'>ad</span> <span class='ocrx_word' id='word_1_202' title='bbox 1009 3141 1200 3193; x_wconf 87' lang='lat' dir='ltr'>Geresd</span> <span class='ocrx_word' id='word_1_203' title='bbox 1243 3152 1290 3192; x_wconf 85' lang='lat' dir='ltr'>et</span> <span class='ocrx_word' id='word_1_204' title='bbox 1328 3145 1638 3210; x_wconf 75' lang='lat' dir='ltr'>Pecsvarad,</span> <span class='ocrx_word' id='word_1_205' title='bbox 1677 3149 1726 3199; x_wconf 85' lang='lat' dir='ltr'>in</span> <span class='ocrx_word' id='word_1_206' title='bbox 1751 3163 1914 3199; x_wconf 69' lang='lat' dir='ltr'>mont«,-</span> 
     </span>
    </p>
   </div>
   <div class='ocr_carea' id='block_1_4' title="bbox 72 3237 1425 3310">
    <p class='ocr_par' dir='ltr' id='par_1_4' title="bbox 72 3237 1425 3310">
     <span class='ocr_line' id='line_1_34' title="bbox 72 3237 1425 3310; baseline 0.007 -24"><span class='ocrx_word' id='word_1_207' title='bbox 72 3238 204 3288; x_wconf 77' lang='lat' dir='ltr'>arris</span> <span class='ocrx_word' id='word_1_208' title='bbox 243 3237 441 3302; x_wconf 83' lang='lat' dir='ltr'>Devae,</span> <span class='ocrx_word' id='word_1_209' title='bbox 480 3239 528 3289; x_wconf 90' lang='lat' dir='ltr'>iu</span> <span class='ocrx_word' id='word_1_210' title='bbox 569 3240 788 3303; x_wconf 81' lang='lat' dir='ltr'>Banatu,</span> <span class='ocrx_word' id='word_1_211' title='bbox 829 3242 1046 3308; x_wconf 71' lang='lat' dir='ltr'>Syr-nnio,</span> <span class='ocrx_word' id='word_1_212' title='bbox 1085 3246 1145 3292; x_wconf 85' lang='lat' dir='ltr'>ad</span> <span class='ocrx_word' id='word_1_213' title='bbox 1185 3244 1425 3310; x_wconf 85' lang='lat' dir='ltr'>Rownye.</span> 
     </span>
    </p>
   </div>
  </div>
 </body>
</html>
