2195 3657
242 122 369 184 3⁰2

244 292 347 326 sam
392 274 606 324 dicebat.
682 271 963 322 Discrimen
1002 269 1271 319 indicatum
1305 269 1436 320 inter
1476 268 1843 334 descriptiones
1878 259 2098 333 reliqua-

242 393 366 425 rum.
481 376 532 423 ln
580 372 718 422 silvis
771 370 1260 435 Siimeghiensibus,
1324 370 1702 439 Syrmiensibus
1757 378 1805 419 et
1858 369 2097 420 Banatus.

242 476 423 525 Omnes
466 480 651 538 partes,
694 473 857 522 demta
899 471 1119 533 corolla,
1161 471 1272 536 pilis
1312 471 1645 537 longiusculis
1687 470 1902 521 obsitae.
1951 469 2100 519 Folia

244 589 714 624 nervoso-venosa.
829 571 997 637 MaJor
1047 572 1395 638 ramosiorque
1436 572 1583 622 obvia
1632 571 1724 621 fuit
1762 570 1811 621 in
1851 569 2101 620 fruticetis

245 675 304 724 ad
347 673 434 722 Sz.
478 671 666 722 Miklos
709 671 842 721 ultra
881 671 1128 723 Kanisam
1186 672 1235 721 in
1286 671 1439 721 limite
1481 670 1658 721 Cottus
1700 670 2104 736 SiimeghiensiS‚

245 784 342 823 tum
386 774 433 822 in
477 772 692 839 Syrmio.
761 772 1049 822 Posteriorc
1091 773 1200 822 loco
1243 790 1350 824 eam
1393 773 1539 822 etiam
1583 772 1715 822 foliis
1757 770 1954 822 omnino
1981 787 2103 821 ova·

241 875 304 924 tis
344 873 462 938 legi.
551 873 590 923 A
634 873 803 923 Balbis
847 891 933 939 pro
976 873 1039 925 G.
1080 883 1244 924 ovata
1287 873 1472 936 missa,
1531 891 1618 939 pro
1661 889 1758 939 qua
1797 880 1845 922 et
1884 874 1947 923 ab
1988 872 2103 923 aliis

240 976 472 1026 habetur.

319 1098 472 1151 1259.
511 1103 579 1146 G.
621 1101 828 1147 ovata.
887 1096 961 1146 Pl.
1005 1113 1102 1150 rar.
1142 1096 1312 1162 Hung.
1343 1097 1380 1148 1.
1423 1105 1456 1147 t.
1483 1098 1571 1150 84.

386 1198 440 1247 In
482 1196 692 1247 collibus
734 1205 780 1246 et
824 1197 1068 1248 montibus
1108 1196 1352 1249 Banatus.

321 1341 474 1391 1260.
519 1344 587 1388 G.
629 1345 1060 1397 procumbens.

383 1439 439 1487 In
478 1438 678 1488 Matrae
718 1438 906 1502 apricis
949 1446 995 1487 et
1036 1437 1301 1488 silvaticis.
1419 1439 1475 1487 In
1514 1437 1645 1488 hirto
1698 1454 1866 1488 ramos
1907 1437 2101 1504 sesqui·

238 1539 442 1604 pedales
483 1538 675 1604 profert
718 1539 920 1588 floribus
959 1539 1129 1589 aureis
1169 1539 1320 1588 dense
1364 1538 1583 1601 obsitoS,
1645 1547 1747 1590 tum
1806 1539 1978 1603 planta
2015 1555 2103 1590 ve-

239 1639 548 1690 nustissima.
625 1638 805 1688 Flores
845 1639 894 1688 in
935 1639 1068 1689 culta
1109 1639 1262 1689 etiam
1302 1640 1548 1705 quaterni,
1589 1639 1742 1706 quini.
1803 1637 1990 1690 Cautes
2013 1656 2103 1689 seu

243 1739 365 1790 rami
419 1748 504 1790 aut
556 1738 812 1802 simplices
866 1748 1008 1801 sunt,
1068 1748 1154 1791 aut
1193 1740 1397 1791 ramosi.
1510 1740 1781 1790 Pedunculi
1846 1739 1968 1790 folia
2008 1756 2104 1790 non

241 1856 438 1904 semper
479 1840 742 1890 excedunt.

315 1979 469 2030 1261.
512 1984 579 2028 G.
620 1980 914 2038 elliptioa
954 1978 1088 2029 mihi.

380 2076 546 2127 Radix
599 2076 825 2141 lignosa,
884 2092 1102 2128 ramosa.
1179 2075 1364 2126 Caules
1425 2076 1529 2127 basi
1581 2075 1837 2134 fruticosi,
1904 2077 2106 2126 decum-

237 2180 442 2239 bentes,
485 2194 697 2242 pennam
738 2178 1024 2228 anserinam
1069 2177 1299 2228 crassitie
1342 2185 1647 2243 aequantes,
1689 2186 1975 2243 promentes
2022 2194 2105 2229 ra-

239 2294 345 2326 mos
386 2285 582 2327 erectos
624 2286 671 2326 et
711 2278 1072 2341 ascendentes,
1124 2278 1328 2343 pedales
1364 2287 1410 2327 et
1452 2277 1860 2344 sesquipedales,
1927 2279 2104 2328 obtuse

239 2378 537 2439 angulatos,
579 2379 943 2443 pubescentes,
995 2379 1245 2445 plerisque
1288 2378 1718 2443 simplicissimos,
1775 2378 2105 2444 paucissimos

237 2478 445 2528 ramulis
497 2478 755 2529 sterilibus
805 2479 936 2528 infra
987 2479 1138 2529 flores
1202 2479 1493 2531 instructos.
1606 2479 1750 2530 Folia
1818 2496 2105 2542 numerosa,

238 2578 458 2642 sessilia,
493 2579 758 2644 simplicia,
800 2580 1040 2631 inferiora
1083 2597 1330 2631 ramorum
1356 2581 1645 2644 remotiora,
1686 2590 1801 2631 ante
1829 2581 2103 2632 florescen-

238 2679 620 2744 tiamcaduca,
663 2682 922 2731 tuberculo
967 2681 1197 2746 residuo,
1240 2681 1824 2747 elliptico-laneeolata,
1864 2681 2104 2733 inferiora

239 2780 445 2842 obtusa,
485 2780 750 2846 superiora
791 2790 959 2847 acuta,
1001 2799 1157 2846 snpra
1197 2782 1564 2847 glabriuscula,
1604 2785 1781 2834 subtus
1825 2784 2103 2848 pubescen-

239 2879 308 2928 tia
351 2879 461 2944 pilis
501 2882 785 2946 appi-essis-
830 2881 1009 2932 Flores
1051 2881 1316 2946 axillares,
1354 2883 1401 2932 in
1444 2883 1604 2934 medio
1646 2900 1917 2945 ramorum,
1955 2883 2101 2948 apice

240 2979 474 3045 elongato
516 2981 721 3032 floribus
763 2983 1030 3046 destituto,
1068 2984 1314 3047 solitarii,
1354 2984 1451 3035 bini
1495 2985 1714 3048 ternive,
1765 2983 2103 3050 pedunculati,

238 3079 532 3144 pedunculis
571 3081 690 3131 folio
731 3083 946 3147 duplove
987 3084 1327 3147 brevioribuS‚
1369 3085 1562 3149 pilosis.
1641 3083 1807 3151 Calyx
1845 3083 2103 3135 subturbi-

235 3188 411 3242 natus,
473 3183 780 3246 pubescens,
839 3183 1136 3234 bilabiatus:
1195 3184 1456 3249 superiore
1498 3184 1630 3236 labio
1685 3184 1801 3244 bi-,
1860 3184 2102 3235 inferiore

241 3277 507 3329 tridentato
548 3280 777 3331 dentibus
819 3282 998 3334 acutis.
1076 3281 1283 3334 Corolla
1324 3284 1535 3347 scabra,
1564 3284 1726 3348 flava,
1767 3283 1865 3335 alis
1893 3283 2101 3345 vexillo,

238 3379 408 3430 carina
460 3380 555 3432 alis
598 3381 747 3448 paulo
787 3382 1033 3450 longiore.
1113 3383 1372 3450 Legumen
1412 3401 1787 3452 compressum,
1838 3385 2096 3437 subfalca-
