2195 3657
1857 126 1940 185 49

102 261 397 311 Membrana
436 275 601 308 semen
644 259 848 324 cingens
886 261 1029 311 fusca
1069 267 1392 329 emarginata.
1479 268 1553 317 Ab
1593 271 1723 320 alba
1768 278 1935 338 specie

104 377 199 409 non
241 358 437 407 differre
481 359 757 420 praetendit
797 359 1157 427 Wahlenberg.

176 457 292 507 199.
332 461 401 504 B.
442 460 646 503 ovata.

244 554 296 602 ln
338 553 449 617 alpe
491 552 661 603 Guttin
702 561 747 602 et
784 553 831 602 in
874 555 1069 619 alpibus
1110 556 1548 621 Bereghiensibus.

753 745 1292 813 Cupuliferae.

171 855 293 906 200.
335 861 613 910 Quercus
653 862 891 905 Robur.

238 954 411 1007 Vari-at
453 955 580 1004 foliis
621 956 732 1018 plus
772 955 934 1005 minus
975 956 1116 1005 latis:
1177 957 1302 1005 lobis
1343 960 1619 1009 rotundatis
1659 965 1728 1025 (ut
1767 962 1815 1010 in
1857 964 1942 1011 de-

101 1051 317 1101 finitione
361 1052 579 1118 ponitur)
621 1060 666 1101 et
704 1054 931 1118 oblongis
973 1054 1163 1119 (qualia
1192 1055 1462 1119 specimina
1504 1057 1550 1105 in
1590 1057 1642 1107 it.
1673 1058 1939 1109 Slavonico

100 1152 255 1220 legi);
295 1152 647 1216 integerrimis.
717 1153 895 1218 Wolny
937 1153 1068 1203 misit
1108 1154 1256 1204 aliam
1296 1156 1588 1207 varietatem
1629 1157 1755 1207 lobis
1795 1159 1942 1208 folio-

100 1269 204 1302 rum
246 1251 535 1316 quibusdam
575 1233 825 1301 lobulatis.
903 1252 1078 1303 Gallae
1121 1254 1338 1305 ramulos
1381 1239 1662 1306 obsidentes
1710 1275 1943 1324 magnae,

104 1351 332 1401 echinato
351 1381 374 1389 -
388 1367 635 1402 ramosae.

168 1451 294 1501 201.
337 1455 411 1506 (1.-
452 1454 892 1509 pedunculata.

237 1547 383 1597 Folia
422 1547 535 1596 huic
576 1557 622 1595 et
663 1547 945 1597 slavonicae
1004 1564 1160 1596 novae
1218 1548 1345 1597 inter
1401 1557 1651 1600 nostrates
1709 1553 1941 1606 maxima.

98 1646 310 1697 Fructus
349 1647 400 1696 in
432 1647 733 1714 pendulz‘na
774 1647 978 1696 sessiles
1021 1647 1229 1710 cnpulae
1289 1648 1660 1714 hemisphaerio
1702 1653 1942 1703 minores:

100 1746 320 1813 squamis
361 1748 449 1796 sub
489 1747 775 1796 maturitate
817 1746 959 1811 apice
1000 1746 1187 1797 liberis.

172 1827 293 1896 202.
336 1848 406 1899 Q.
447 1846 788 1902 pendulina
826 1842 960 1892 mihi.

238 1939 303 2006 Q.
354 1941 761 2009 pedunculatae
819 1942 994 1992 similis
1053 1942 1294 1993 fructibus
1362 1943 1509 2008 louge
1570 1948 1941 2010 pedunculatis3

100 2041 185 2090 sed
252 2039 449 2090 diversa
510 2039 644 2089 soliis
709 2039 990 2103 petiolatis‚
1062 2041 1234 2089 subtus
1295 2040 1491 2103 petiolis
1554 2044 1940 2110 pedunculisque

99 2139 504 2203 pubescentibus.
579 2139 633 2187 In
675 2138 802 2190 silva
843 2138 1086 2188 Budensi:
1126 2140 1186 2188 ad
1230 2139 1461 2189 Schiinen
1504 2140 1786 2195 Schaferin.

167 2238 289 2291 203.
332 2243 402 2294 Q..
442 2241 801 2298 hungarica
838 2238 1028 2287 interea
1070 2237 1202 2287 mihi.

238 2337 402 2387 Primo
443 2335 1135 2404 intuituQ.·pedmzculatae
1175 2337 1375 2401 similis,
1419 2355 1626 2403 quacum
1659 2340 1824 2406 utique
1868 2342 1942 2390 fo·-

97 2436 276 2486 liorum
316 2432 655 2502 magnitudine
708 2446 753 2486 et
793 2436 951 2486 forma
993 2437 1248 2487 convenit:
1301 2440 1386 2488 sed
1428 2439 1624 2490 diversa
1662 2440 1796 2489 foliis
1837 2441 1943 2490 lon—

96 2535 208 2600 gius
251 2536 539 2601 petiolatis3
598 2535 838 2587 fructibus
880 2537 1095 2587 breviter
1135 2538 1490 2601 pedunculatis.
1579 2539 1706 2603 Legi
1763 2541 1810 2589 ni
1850 2541 1943 2590 fal-

95 2639 194 2698 lor,
234 2635 282 2685 in
322 2636 450 2687 silva
491 2636 716 2688 budensi.

146 2734 284 2786 -20-1.
325 2741 396 2791 (ι.
423 2743 784 2795 pubescens.
833 2733 1025 2785 Robur
1062 2736 1122 2786 ΙΙ.
1166 2735 1320 2786 Clusii
1347 2738 1462 2787 hist.
1493 2739 1555 2801 pl.
1583 2755 1682 2790 rar.
1708 2739 1764 2790 L.
1794 2741 1830 2788 l.
1858 2742 1942 2793 18.

164 2831 284 2884 205.
327 2839 397 2889 (ι.
423 2841 807 2894 pubescens?
846 2852 909 2884 an
948 2834 1180 2885 distincta
1222 2837 1463 2900 species?
1502 2838 1785 2888 turbinata
1826 2839 1944 2889 mihi

94 2931 288 2981 interea
329 2931 480 2984 dicta.
674 2931 677 2934 ⁴

236 3030 289 3078 ln
329 3029 456 3080 silva
500 3031 824 3082 Godolliiensi
867 3032 1015 3082 lecta.

166 3128 290 3178 206.
330 3133 401 3183 Q..
439 3127 855 3181 Menesiensis
897 3131 1089 3180 interea
1128 3131 1263 3182 mihi.

235 3222 448 3270 Fructus
499 3224 706 3274 sessiles
753 3232 843 3274 ‘ant
897 3225 1112 3274 breviter
1165 3225 1496 3289 pedunculati.
1588 3224 1721 3273 Inter
1771 3225 1942 3275 vineas

96 3320 463 3370 Menesienses„

1590 3421 1623 3466 4
