2195 3657
1847 158 1979 219 269·

223 308 374 357 1142.
425 313 490 356 Ϊι.
531 309 945 356 tenuifolium.

277 407 331 454 In
370 407 554 471 apricis
597 406 759 454 siccis.
839 405 933 452 Pro
975 402 1037 451 L.
1080 407 1354 452 (lustriaco
1394 419 1422 452 a
1463 403 1762 452 Lumnitzer.
1842 402 1972 454 AL.

137 506 426 570 certm'fole‘o
466 505 521 554 L.
564 506 808 553 diversum
851 521 961 553 esse
1004 504 1192 551 nuntiat
1235 502 1410 551 Smitb.

213 632 367 680 1143.
416 635 482 679 IA-
523 647 799 680 aureum.
859 631 931 678 Pl.
975 648 1069 679 rar.
1110 629 1271 693 Huug.
1317 630 1375 677 ll.
1420 637 1450 679 t.
1481 630 1594 678 177.

279 732 326 776 ln
369 728 587 776 herbidis
628 737 673 775 et
714 727 849 790 agris
893 729 950 775 ad
992 726 1290 789 Jamnicam,
1331 726 1376 773 in
1438 725 1667 786 Oroatia,
1719 729 1778 776 ad
1823 726 1974 777 Cser-

140 844 234 893 nye
276 828 321 875 in
363 827 631 887 Slavonia,
672 827 814 890 inque
857 827 1003 874 Cottn
1046 825 1416 889 Siimeghiensi.

231 969 382 1019 1144.
434 972 500 1016 L.
542 969 854 1025 alpinum!

293 1066 394 1130 Sub
454 1065 646 1114 nomine
706 1063 773 1113 L.
826 1061 1171 1127 monadelpln'
1231 1062 1527 1124 descriptum
1592 1061 1716 1109 inter
1784 1063 1975 1124 plantas

142 1164 395 1214 Oroatiae.
472 1164 548 1211 Ex
590 1164 701 1227 alpe
739 1162 881 1212 Visse
925 1161 1163 1224 Vagana,
1224 1159 1299 1207 ubi
1340 1162 1398 1208 ad
1443 1160 1578 1209 nives
1618 1161 1826 1210 crescit.
1899 1162 1978 1209 Ex

142 1263 338 1328 alpibus
378 1263 799 1326 Bereghiensibus
840 1262 1078 1310 Berzava.

236 1405 387 1453 1145.
438 1408 502 1451 11.
543 1405 997 1451 extraaxillare
1043 1399 1176 1449 mibi.

283 1502 446 1551 Radix
487 1502 735 1566 perennis.
812 1499 996 1549 Caulcs
1053 1501 1218 1562 plures
1262 1515 1321 1546 ex
1365 1499 1534 1546 cadem
1578 1500 1774 1566 radicc,
1828 1503 1976 1550 erecti

146 1601 598 1666 subdeclinatiqne,
660 1609 870 1661 teretes,
943 1601 1140 1655 laeves,
1213 1596 1366 1659 calvi,
1439 1598 1639 1661 pedales
1695 1599 1980 1661 altioresve‚

147 1702 304 1750 culmo
347 1701 493 1750 tritici
549 1702 694 1765 paulo
754 1699 1032 1761 tenuiores,
1082 1698 1272 1747 inferne
1325 1696 1706 1761 simplicissimi,
1766 1716 1978 1763 superne

147 1803 358 1861 ramosi,
401 1800 551 1851 ramis
592 1801 704 1850 aliis
747 1800 998 1849 sterilibus
1040 1798 1360 1860 axillaribus,
1400 1797 1509 1846 aliis
1542 1797 1762 1861 (pant-is:
1801 1799 1978 1865 2—3)

144 1883 404 1958 floriferis,
448 1899 905 1949 extraaxillaribus.
983 1898 1126 1948 Folia
1165 1897 1601 1960 numerosissima,
1643 1880 1848 1963 sparsa,
1892 1916 1980 1964 pa-

146 2001 448 2064 tentissima,
488 1999 838 2065 integerrima,
879 1999 1050 2060 calva,
1092 1997 1281 2060 laevia,
1330 2000 1501 2048 subtus
1544 1998 1804 2060 trinervia,
1855 1999 1981 2047 infe-

145 2102 303 2159 riora,
346 2110 396 2150 ut
435 2100 800 2164 inplerisque,
849 2101 1054 2148 minora.
1132 2099 1307 2147 Flores
1350 2099 1397 2147 in
1436 2099 1585 2148 ramis
1625 2087 1980 2163 superioribus,

145 2210 256 2251 ante
300 2201 662 2251 florescentiam
709 2201 1023 2260 nutantibus,
1065 2200 1265 2260 remoti,
1308 2200 1720 2262 extraaxillareS,
1762 2201 1983 2274 secundi,

143 2301 190 2350 in
235 2302 523 2365 pedunculis
564 2301 813 2362 unifloris,
854 2299 1198 2359 filiformibus,
1240 2299 1407 2365 calyce
1443 2299 1606 2362 triplo,
1647 2301 1980 2364 quadruplove

145 2401 487 2466 longioribus,
550 2401 823 2465 interjectis
875 2401 1001 2449 inter
1050 2399 1369 2449 insertionem
1423 2416 1589 2449 corum
1650 2400 1773 2449 binis
1823 2400 1983 2451 foliis:

149 2502 347 2551 catilina
386 2502 776 2559 aemulantibus,
818 2502 905 2551 sed
947 2500 1242 2563 minoribus,
1284 2502 1568 2551 successive
1595 2518 1766 2550 versus
1793 2502 1982 2565 apicem

148 2603 310 2667 magis
351 2601 741 2666 approximatis,
783 2611 834 2650 ut
876 2603 1067 2651 tandem
1109 2600 1437 2666 subopposita
1479 2604 1704 2652 evadant.
1773 2601 1984 2669 Calyces

147 2703 306 2765 calvi,
346 2702 585 2767 oblongi:
648 2701 832 2752 foliolis
887 2701 1409 2766 OVato-lanceolatis,
1469 2702 1790 2764 acuminatis,
1852 2719 1984 2752 mar-

149 2804 262 2867 gine
307 2803 724 2864 membranaceis,
777 2803 910 2852 striis
951 2803 1108 2851 tribus
1159 2801 1423 2866 diaphauis
1463 2803 1663 2852 notatis.
1754 2801 1983 2852 Corollae

150 2919 390 2966 magnae,
451 2919 536 2951 eas
587 2900 651 2951 L.
692 2895 1263 2967 perennisaequantes
1315 2910 1400 2952 ant.
1457 2908 1777 2965 superantes,
1841 2910 1983 2952 extus

150 3000 650 3063 albido-coerulcac,
690 3001 822 3051 intus
865 3001 1046 3064 pallide
1073 3002 1638 3064 violaceo-coeruleae3
1680 3003 1859 3066 petalis
1900 3004 1986 3051 ob-

152 3099 339 3162 ovatis,
389 3100 552 3150 autice
593 3101 1188 3163 crenulato-serrnlatis,
1248 3100 1466 3162 striati83
1542 3101 1788 3167 unguibus
1826 3102 1985 3164 flavis,

150 3199 281 3249 intus
324 3201 734 3264 pubescentibus,
795 3208 840 3249 et
881 3202 1012 3251 linea
1054 3201 1295 3250 eminente
1337 3201 1685 3250 subt-arinatis.
1763 3201 1983 3249 Stamina

152 3299 293 3364 stylis
333 3300 671 3374 prope-duplo
726 3299 978 3365 longiora:
1037 3301 1299 3350 filamentis
1352 3301 1532 3363 pallide
1588 3299 1984 3362 flavescentibus,

152 3415 364 3461 superne
404 3404 646 3462 sctaeeis,
707 3402 889 3461 calvis,
943 3401 1128 3448 inferne
1172 3401 1276 3450 basi
1319 3402 1493 3449 latiore
1535 3399 1785 3461 connatis,
1838 3408 1984 3449 extus
