2195 3657
1842 93 1971 196 ¹291

134 280 513 346 Nonnumquam
554 278 758 329 aculeus
798 294 923 327 unus
964 279 1151 329 alterve
1191 281 1352 330 adest.
1391 311 1458 317 —
1526 281 1576 343 β.
1619 280 1773 331 Caule
1816 284 1976 346 petio-

136 379 290 444 lisque
332 378 603 436 aculeatis,
659 376 847 426 aculeis
887 378 1054 427 rectis.
1129 379 1202 427 Ad
1243 379 1461 428 thermas
1514 379 1744 430 Herculis
1783 382 1831 431 in
1871 400 1978 431 um·-

136 477 314 527 brosis.
431 477 728 527 Willdenow
780 492 866 538 pro
926 493 1051 527 novo
1116 477 1287 527 habuit
1341 486 1387 527 et
1436 474 1510 529 R.
1558 489 1832 546 repentem
1882 482 1975 530 dici

136 576 312 626 suasit.

230 675 384 726 1221.
422 676 743 734 Fragaria
779 677 1027 723 collina.

278 771 331 819 ln
380 770 549 831 clivis,
602 771 648 819 in
701 769 909 819 collibus
960 771 1146 834 apricis
1198 771 1360 821 siccis.
1457 774 1508 821 lu
1564 774 1808 839 Scepusio
1858 775 1980 840 legit

139 869 392 919 Mauksch
435 868 484 918 in
525 868 732 917 collibus
774 870 833 917 ad
875 868 1053 918 molam
1094 869 1155 919 N.
1180 868 1565 920 Lubloviensem
1603 872 1843 923 fructibus
1882 892 1979 924 non

144 967 554 1019 comestibilibuS.
634 967 804 1018 Caulis
844 984 932 1018 seu
973 969 1112 1033 scapi
1154 970 1266 1033 pilis
1307 969 1451 1020 etiam
1503 973 1874 1034 patentissimis.

227 1070 376 1120 1222.
419 1074 483 1118 F.
526 1084 802 1127 praecox
840 1068 973 1117 mihi.

278 1168 443 1219 Radix
496 1167 759 1232 perennis,
819 1168 1046 1232 lignosa,
1097 1184 1273 1218 crassa
1324 1168 1584 1234 (primaria
1633 1186 1807 1235 nempe
1845 1173 1982 1223 cala-

145 1286 271 1318 mum
314 1267 545 1319 crassitie
599 1285 751 1333 saepe
803 1270 1078 1333 excedens,
1129 1270 1419 1334 quandoque
1474 1270 1681 1335 digitum
1733 1272 1984 1323 auricula-

137 1386 238 1418 rem
283 1371 631 1434 subaequanS,
686 1371 895 1417 obscure
939 1369 1107 1430 fusca,
1158 1370 1352 1419 radices
1386 1370 1544 1420 latere
1586 1373 1767 1421 edensz
1828 1389 1980 1437 saepe

140 1469 510 1534 spithamaeaS,
574 1468 844 1519 flexuosas,
944 1468 1178 1518 Stolones
1229 1468 1368 1519 nulli.
1465 1469 1614 1534 Scapi
1675 1487 1761 1520 seu
1812 1471 1982 1521 caules

139 1567 399 1634 pauciflori
440 1566 796 1633 pedunculique
839 1566 1030 1617 uniflori
1086 1567 1283 1631 plures,
1334 1569 1466 1618 foliis
1519 1569 1668 1618 multo
1711 1571 1983 1634 breviores,

140 1669 254 1733 pilis
309 1668 470 1733 longis
526 1667 883 1732 patentissimis
934 1685 1087 1733 usque
1129 1670 1188 1718 ad
1243 1668 1461 1735 calycem
1511 1669 1858 1734 hirsutissimi,
1921 1674 1981 1722 ad

140 1767 428 1818 divisionem
466 1767 514 1816 iu
556 1768 861 1832 pedunculos
903 1775 949 1815 et
990 1767 1095 1816 basi
1137 1766 1304 1831 stipati
1347 1767 1542 1831 stipulis
1597 1770 1758 1820 ovatis
1807 1772 1983 1834 acutis,

140 1876 225 1918 aut
258 1866 571 1928 acuminatis,
613 1867 806 1930 pilosis,
846 1867 991 1930 binis,
1033 1867 1292 1932 interjecto
1336 1868 1609 1918 rudimento
1648 1869 1753 1919 folii
1795 1871 1986 1934 simpli-

140 1967 211 2017 cis
255 1976 420 2017 ovato.
479 1966 622 2016 Folia
664 1975 714 2015 ut
754 1966 802 2015 in
844 1966 1047 2030 reliquis
1086 1967 1260 2031 (unica
1288 1969 1493 2029 demta),
1535 1977 1758 2030 ternata3
1798 1970 1983 2020 foliolis

141 2064 387 2126 obovatis,
427 2063 532 2112 basi
574 2062 926 2128 integerrimis,
967 2072 1219 2114 caeterum
1260 2064 1710 2130 inciso-serratis,
1759 2067 1984 2133 utrinque

142 2162 345 2228 pilosis,
386 2164 560 2212 subtus
601 2161 1205 2213 sericeo-hirsutissimis:
1249 2163 1474 2214 dentibus
1513 2165 1828 2216 acuminatis.
1890 2166 1985 2214 Pe-

140 2262 242 2311 tioli
286 2262 400 2326 pilis
443 2261 802 2327 patentissimis
842 2261 1162 2312 liirsutissimi
1204 2263 1441 2314 incurvis.
1529 2264 1729 2330 Calycis
1776 2266 1984 2316 laciniae

141 2362 474 2424 lanceolatae,
517 2371 679 2424 extus,
722 2371 772 2411 ut
811 2361 931 2412 folia
972 2364 1162 2419 subtus,
1205 2365 1354 2412 dense
1380 2364 1843 2427 sericeo-hirsutae,
1872 2366 1984 2429 pilis

143 2463 331 2527 pariter
371 2462 570 2528 patulis.
682 2461 858 2511 Petala
909 2462 1079 2528 calyce
1122 2464 1267 2527 paulo
1312 2464 1530 2529 majora,
1588 2473 1672 2514 aut
1711 2466 1984 2531 aequaliter

142 2565 446 2624 obem-data,
486 2562 619 2613 alba.
697 2563 878 2628 Wolny
920 2562 1048 2612 misit
1087 2565 1177 2611 sub
1220 2563 1413 2613 nomine
1454 2562 1515 2615 F.
1555 2566 1754 2614 sterilis
1794 2581 1818 2613 e
1860 2566 1983 2631 Syr-

142 2662 257 2724 mio,
297 2671 344 2710 et
384 2670 523 2712 notat
564 2678 674 2711 eam
714 2661 908 2711 nivibus
948 2661 1030 2710 vix
1072 2662 1248 2711 solutis
1293 2663 1484 2711 florere.
1595 2661 1660 2716 F.
1692 2681 1853 2713 vesca
1894 2683 1982 2714 no-

142 2770 277 2812 tante
322 2763 388 2811 M.
423 2778 452 2812 a
492 2762 548 2813 Β.
590 2762 639 2811 in
680 2761 815 2812 Flor.
858 2770 1210 2822 taur.-cauc.,
1280 2769 1394 2811 ante
1435 2760 1494 2808 F.
1535 2763 1788 2813 collinam
1826 2763 1983 2826 floret,

143 2879 264 2927 ergo
305 2879 333 2912 a
375 2862 651 2927 posteriore
693 2861 839 2911 etiam
880 2870 1101 2925 tempore
1143 2861 1346 2911 florendi
1390 2862 1642 2927 discrepat
1664 2861 1736 2930 ᾖς).

236 2974 389 3026 1223.
429 2979 497 3022 F.
537 2989 804 3024 reversa
842 2973 958 3022 mihi
998 2972 1206 3023 interea.

284 3071 324 3121 A
370 3068 424 3121 F.
461 3087 724 3137 praecoce
763 3071 993 3134 diversa,
1044 3069 1268 3120 caulibus
1309 3067 1598 3131 altioribus,
1648 3068 1781 3119 foliis
1831 3084 1982 3133 supra

200 3293 254 3347 2²²)
294 3295 376 3334 Est
407 3294 653 3334 secundum
686 3294 850 3335 Sadler
898 3291 965 3344 (in
1002 3290 1149 3332 Gresz
1184 3290 1308 3332 Diss.
1339 3291 1393 3331 de
1426 3289 1686 3330 Potentillis
1720 3288 1982 3340 Hungariae

259 3383 340 3422 etc.
385 3381 539 3425 Pestb.
576 3381 698 3422 1837.
733 3393 771 3430 p.
803 3379 877 3433 17)
915 3380 1174 3422 Potentilla
1202 3380 1476 3421 vnicrantha
1508 3379 1634 3418 Ram.

1510 3461 1576 3509 19
1597 3460 1630 3493 ἃ
