2195 3657
212 107 333 175 132

268 259 399 310 595.
440 264 507 309 0.
546 258 954 308 tuberculata
992 252 1130 303 mihi.

345 357 490 407 Nova
533 363 737 420 putatur
776 353 928 402 etiam
966 369 995 401 a
1036 348 1201 402 Willd.

345 458 400 508 ln
439 465 603 507 monte
647 457 708 505 ad
750 452 938 518 Tailya
977 467 1121 517 quem
1161 449 1336 517 tailyai
1375 451 1600 518 varhegy
1640 451 1922 516 nominant,
1972 468 2057 500 ru—

204 557 348 622 pibus
392 564 440 606 et
477 553 671 604 detritis
712 552 962 617 lapidibus
1007 551 1266 602 basalticis
1304 551 1610 614 innascitur,
1663 552 1812 603 etiam
1852 553 1901 601 in
1943 551 2058 603 aliis

201 657 450 708 montibus
489 655 553 705 ad
592 654 882 721 Hegyallya
924 652 1283 717 pertinentibus
1323 669 1611 703 occurrens.

342 754 546 805 Semina
585 754 747 804 forma
788 753 851 804 Ο.
883 751 1167 802 echioz'dz's:
1207 752 1433 802 nimirum
1477 761 1667 817 partem
1709 752 1905 817 figurae
1937 769 2059 802 ova-

200 867 311 916 tae,
385 871 565 906 versus
617 853 822 919 ‘apicem
884 854 1114 902 obtusam
1179 860 1426 918 angustae
1484 851 1801 912 exhibentia,
1875 851 2060 902 susco-

199 956 594 1013 cinerascentia,
635 954 922 1019 laevigata,
961 953 1142 1016 nitida,
1182 970 1268 1002 seu
1313 952 1476 1018 potius
1515 951 1699 1002 lucida.

215 1111 219 1114 ,
267 1056 389 1108 596.
429 1060 498 1105 0.
539 1058 885 1105 stellulata.

339 1157 396 1206 In
437 1155 614 1205 Viiena
653 1156 812 1220 draga
852 1171 948 1203 non
992 1153 1162 1215 procui
1207 1150 1478 1202 Koronica.

216 1306 219 1310 .
269 1255 392 1308 597.
429 1258 700 1305 Eehimn
739 1260 1016 1303 rubrum.

340 1358 396 1406 ln
437 1355 596 1420 pratis
638 1353 904 1419 Sopronii,
945 1352 1256 1417 Tyrnaviae,
1295 1352 1344 1400 in
1386 1350 1598 1400 collibus
1638 1350 1826 1416 apricis
1865 1349 2058 1412 Budae,

197 1455 257 1504 ad
302 1451 562 1520 Harseiny,
601 1468 779 1501 versus
821 1450 1071 1512 Miskoic,
1112 1448 1352 1499 Pesthini.

268 1555 386 1606 598.
424 1559 497 1603 E.
536 1557 1004 1604 tuberculatum
1043 1550 1177 1600 mihi.

342 1654 383 1703 E
426 1654 609 1704 litorali
650 1651 950 1718 hungarico.

267 1756 389 1806 599.
429 1756 840 1803 Pulmonaria
877 1753 1314 1812 angustifolia.

337 1856 392 1905 ln
433 1854 698 1919 Scepusio.

265 1954 390 2005 600.
429 1958 496 2001 Ρ.
537 1953 903 2002 officinalis.

338 2049 539 2099 Ibidem.

265 2149 388 2200 601.
427 2150 942 2207 Lithospermum
980 2148 1324 2196 officinale.

336 2251 390 2300 ln
433 2248 574 2300 silvis
615 2249 848 2311 caeduis,
887 2248 1161 2311 fruticetis,
1219 2248 1523 2313 aggeribus,
1565 2264 1716 2312 prope
1763 2246 2056 2297 Balatonem

195 2354 256 2402 ad
297 2351 437 2414 Fok,
477 2351 526 2400 in
567 2350 814 2415 Sccpusio
859 2350 936 2398 uhi
979 2349 1123 2399 ιῙιιιιίο
1164 2349 1322 2399 floret.

264 2452 386 2505 602.
426 2456 493 2501 Ia·
533 2467 823 2501 arveus-se.

336 2554 439 2602 Iter
478 2560 712 2618 segetes,
753 2552 899 2617 inque
944 2551 1077 2601 arvis
1119 2559 1167 2599 et
1209 2550 1387 2602 vineis.

264 2654 387 2706 603.
428 2659 725 2704 Ant-,husa
762 2655 1127 2702 officinalis·

340 2755 520 2805 Colore
562 2755 782 2804 corollae
826 2754 967 2803 vaide
1022 2752 1209 2803 variat:
1264 2752 1516 2814 violaceo,
1572 2750 1899 2815 pallidissime
1941 2767 2057 2798 coe.-

197 2857 366 2922 ruleo,
406 2872 684 2921 purpureo,
727 2871 945 2917 carneo,
984 2855 1118 2906 albo.

265 2964 388 3015 604.
428 2969 498 3014 A.
538 2971 888 3023 pubescens
930 2965 1065 3014 mihi.

350 3063 513 3113 Foliis
569 3066 988 3129 pubescentibus,
1044 3082 1136 3115 nec
1199 3065 1434 3131 strigosis
1487 3065 1705 3115 diversa.
1783 3065 1862 3114 Ex
1916 3063 2058 3121 Hun—

195 3163 359 3230 garia.

264 3264 385 3314 605.
425 3268 495 3313 Α.
534 3267 776 3314 italica.

338 3363 394 3412 Iu
432 3363 736 3427 graminosis
777 3364 941 3413 siccis,
