2195 3657
1848 161 1973 222 213

147 337 151 339 >
204 310 327 362 945.
366 314 428 361 (3⁴.
468 315 800 371 vulgatum.

274 409 433 459 Priori
490 409 769 474 proximum
819 415 866 456 et
924 423 1157 473 perquam
1221 408 1381 459 simile
1446 416 1521 459 est
1572 409 1738 460 colore
1790 412 1973 476 pallido

133 510 344 569 herbae;
385 509 607 557 caulibus
649 507 901 571 pluribus,
944 506 996 556 in
1035 523 1201 557 macro
1245 508 1425 557 erectis
1464 516 1549 558 aut
1574 509 1974 568 ascendentibus,

133 607 446 673 digitalibus,
486 605 827 670 spithamaeis,
866 604 1257 669 longioribusve,
1295 605 1534 668 hirsutis;
1574 607 1976 670 inflorescentia3

133 705 219 761 sed
259 703 419 752 differt
460 702 572 767 pilis
612 703 825 753 caulium
867 683 1211 754 erectiu’sculis
1251 705 1594 769 superioribus
1636 706 1785 758 etiam
1808 708 1977 771 sicem,

135 810 320 852 tantum
363 802 751 865 pedunculorum
793 802 1119 860 subviscidis3
1172 802 1306 852 foliis
1348 803 1802 869 oblongo-ovatis3
1842 808 1977 859 flori-

134 902 270 952 ribus
313 901 460 965 paulo
513 901 712 965 longius
770 901 1144 965 pedunculatis:
1202 903 1487 969 calycibus,
1544 907 1765 970 capsulis
1806 910 1977 958 eodem

134 1000 217 1050 vix
255 1000 596 1065 longioribus,
648 999 744 1049 nisi
785 1000 880 1049 hoe
924 999 1050 1049 forte
1092 1002 1153 1050 ab
1195 1010 1360 1051 aetate
1401 1004 1703 1067 dependeat,
1755 1009 1839 1056 sed
1879 1008 1978 1056 vidi

133 1100 369 1164 capsulas
411 1099 602 1148 semina
643 1106 943 1163 spargentes
996 1115 1166 1164 parum
1218 1101 1498 1165 longiores,
1559 1103 1709 1154 rectis
1749 1106 1977 1156 «lentibus

135 1216 219 1248 ore
262 1198 470 1248 obtusis.
582 1197 786 1247 Habitat
824 1197 872 1247 in
914 1199 1082 1263 agris,
1134 1199 1318 1261 vineis,
1361 1204 1540 1266 pratis,
1594 1204 1820 1268 pascuis,
1870 1206 1976 1256 solo

137 1299 291 1348 sicco.
367 1297 530 1348 Etiam
574 1297 659 1361 pili
702 1297 888 1364 calycis
943 1298 1137 1362 qnidam
1180 1298 1460 1350 breviorum
1501 1301 1688 1353 viscidi.
1756 1309 1806 1369 β.
1847 1305 1978 1355 foliis

134 1414 242 1447 cum
285 1397 619 1447 lanceolatam
665 1396 871 1460 figuram
914 1399 1076 1462 magis
1131 1399 1507 1461 accedentibus,
1569 1402 1788 1467 capsulis
1828 1405 1977 1469 paulo

132 1496 444 1562 longioribus
481 1498 531 1546 in
570 1496 793 1546 Merszin
851 1497 950 1561 legi
1003 1506 1048 1545 et
1092 1497 1377 1547 Lumnitzer
1427 1500 1518 1549 sub
1563 1519 1694 1553 nom.
1734 1501 1786 1554 C.
1824 1508 1979 1554 semi-

136 1596 415 1647 decandri.
494 1596 743 1647 Manksch
787 1597 876 1645 sub
918 1614 1046 1646 nom.
1088 1594 1140 1646 G.
1180 1603 1423 1647 arnensis
1458 1599 1605 1650 misit.

204 1797 326 1847 946.
367 1799 429 1846 (J,
472 1798 885 1855 pauciflorum
924 1795 1061 1845 mihi.

272 1909 437 1960 Radix
492 1909 741 1975 perennis
819 1908 1004 1959 Caules
1057 1926 1116 1959 ex
1169 1911 1338 1960 eadem
1391 1912 1558 1962 radice
1613 1915 1806 1979 plures,
1871 1918 1979 1968 basi

136 2011 517 2070 decumbentes,
557 2018 918 2073 perennantes,
962 2010 1069 2058 inde
1111 2011 1468 2074 ascendeutes,
1507 2012 1829 2066 hirsutissimi
1866 2016 1977 2081 pilis

137 2110 381 2170 reversis,
423 2118 634 2172 teretes,
675 2109 956 2173 simplices,
997 2109 1247 2172 palmares
1287 2120 1371 2160 aut
1411 2112 1729 2176 spithamaei.
1834 2116 1978 2167 Folia

136 2209 248 2274 pilis
299 2210 462 2274 longis
513 2209 731 2269 hirsuta,
783 2208 1154 2271 obtusiuscula,
1213 2210 1440 2273 sessilia‚
1498 2213 1691 2273 ovalia,
1742 2215 1980 2266 inferiora

136 2310 356 2370 minora,
405 2309 511 2358 basi
553 2307 864 2372 angustiora.
941 2308 1118 2358 Flores
1173 2309 1456 2375 plerumque
1500 2313 1656 2374 terni,
1711 2313 1811 2363 bini
1854 2315 1978 2365 late-

136 2409 269 2459 rales
311 2408 554 2473 oppositi,
605 2408 763 2457 medio
806 2425 866 2457 ex
917 2409 1243 2467 dichotomia,
1297 2427 1661 2477 nonnumquam
1714 2415 1974 2477 pedunculi

136 2509 371 2560 laterales
412 2509 564 2574 (unns
607 2516 867 2575 uterque),
932 2509 1120 2569 billori3
1181 2510 1501 2561 hirsutissimi
1545 2512 1656 2576 pilis
1697 2514 1977 2578 patentibus

135 2609 332 2671 densis,
372 2625 477 2657 eum
519 2608 679 2657 fructu
722 2607 957 2658 declinati
998 2617 1082 2658 aut
1123 2610 1435 2661 snbrefracti.
1504 2610 1717 2678 Calyces
1758 2614 1975 2679 oblongi,

137 2709 249 2772 pilis
288 2709 454 2774 longis
492 2708 696 2769 hirsuti,
740 2708 919 2774 phyllis
958 2707 1283 2770 lanceolam,
1324 2710 1504 2773 acutis,
1543 2712 1767 2777 margine
1806 2713 1976 2777 apice—

136 2790 240 2875 que'
278 2808 868 2871 albo-membranaceis,
931 2825 960 2857 a
1014 2808 1242 2872 granulis
1296 2810 1503 2874 piliferis
1565 2814 1712 2862 dorso
1766 2812 1975 2863 scabris.

135 2906 311 2956 Petala
351 2907 521 2971 calyce
563 2907 819 2966 breviora,
860 2904 1042 2955 biloba.
1119 2906 1344 2955 Stamina
1388 2907 1471 2970 10,
1508 2906 1658 2957 filam.
1700 2908 1856 2973 albis,
1895 2925 1976 2959 se-

137 3004 317 3065 taeeis3
356 2989 490 3055 auth.
535 3005 792 3066 ovalibus‚
841 3003 1172 3054 ochroleucis.
1248 3004 1375 3071 styli
1414 3006 1472 3068 5,
1530 3008 1648 3058 albi.
1709 3006 1976 3073 capsulae

136 3104 304 3170 calyce
345 3104 630 3169 longiores,
683 3113 880 3167 rectae,
930 3122 1014 3155 ore
1057 3105 1379 3154 communiter
1417 3105 1624 3169 8·fido‚
1676 3096 1835 3158 rarius
1875 3107 1973 3157 10-

134 3199 230 3250 fido
270 3201 600 3253 dehiscentes.
710 3201 913 3253 Habitat
953 3204 1004 3251 iu
1043 3202 1240 3268 alpibus
1281 3202 1730 3267 Bereghiensibus,
1772 3203 1973 3252 Zolien-

136 3299 300 3360 sibus,
343 3299 746 3365 Liptovieusibus
787 3301 856 3365 (iu
894 3300 1086 3351 Krivan
1128 3314 1174 3349 et
1214 3300 1422 3368 Choes).
1471 3301 1549 3352 Fi.
1571 3302 1697 3365 Aug.
1748 3301 1802 3350 In
1841 3300 1971 3351 valle

136 3399 375 3450 Volkensi
414 3399 514 3465 legi
555 3400 829 3465 specimina
867 3401 999 3451 foliis
1041 3400 1397 3451 obtusioribus.
1483 3399 1645 3450 Etiam
1695 3401 1755 3450 ad
1807 3406 1971 3452 catar-
