2195 3657
236 114 365 176 304

309 265 464 320 1267.
503 268 567 315 (Ἰ.
606 266 874 323 alpinus.

376 367 431 415 In
490 363 630 414 silvis
681 370 729 411 et
785 358 911 424 ipsis
962 358 1162 422 alpibus
1211 357 1451 407 montium
1508 355 1741 406 Velebich
1794 356 1856 406 ad
1907 353 2090 404 limites

233 467 470 516 Croatiae
522 481 565 514 e.
618 480 661 511 e.
713 476 868 525 snpra
906 459 1034 508 Divo
1076 457 1254 518 Szelo,
1316 457 1366 504 in
1407 455 1548 522 Maly
1590 454 1773 522 Urlay,
1842 456 1935 505 sub
1975 454 2088 518 alpe

232 564 556 624 Vissosziea,
593 562 644 611 in
682 560 811 611 silva
851 576 947 609 non
990 557 1163 623 procul
1203 554 1413 606 Medeik.

306 691 458 743 1268.
499 692 562 739 (3.
601 690 943 748 nigricans.

373 791 427 839 In
467 789 609 840 silvis
650 797 697 838 et
736 786 984 837 fruticetis
1027 802 1113 851 per
1153 794 1308 835 totum
1350 798 1560 850 regnum
1599 784 1661 832 ab
1714 789 1886 833 austro
1932 798 2088 848 usque

229 890 279 940 in
320 889 725 954 septemtrionem
769 889 967 953 ubique.

309 1004 459 1055 1269.
500 1005 563 1052 (3.
609 1006 959 1062 elongatus.
1013 999 1087 1050 Pl.
1130 1014 1225 1049 rar.
1268 996 1526 1063 Hung.II.
1569 1009 1601 1048 t.
1631 997 1753 1050 183.

370 1102 411 1151 A
453 1097 503 1150 C.
545 1097 757 1166 trssoro
797 1117 896 1149 non
934 1097 1135 1148 differre
1175 1104 1314 1147 notat
1354 1095 1606 1147 SchulteS.

303 1222 461 1273 1270.
513 1223 576 1269 (Β.
615 1222 900 1269 biflorus.
952 1217 1028 1266 Pl.
1071 1232 1169 1266 rar.
1211 1215 1380 1281 Hung.
1420 1213 1484 1264 11.
1527 1223 1561 1264 t.
1591 1215 1706 1268 166.

368 1320 576 1371 Habitat
615 1319 664 1368 in
703 1318 934 1369 arenosis
973 1318 1035 1367 ad
1080 1314 1260 1378 nsok,
1313 1316 1361 1364 in
1402 1315 1608 1380 praedio
1646 1313 1848 1379 BugaS,
1899 1312 1949 1362 in
1989 1311 2089 1363 Co-

228 1423 403 1473 mitatu
428 1420 786 1486 Siimeghiensi
827 1435 1004 1470 versus
1027 1417 1274 1481 Rendek,
1313 1415 1536 1466 Pesthini
1582 1415 1630 1465 in
1671 1415 1816 1465 clivis
1842 1415 2089 1465 arenosis,

226 1522 322 1571 Pili
377 1521 565 1583 caulis,
630 1536 908 1581 ramorum,
969 1518 1229 1580 foliorum,
1290 1517 1518 1583 calyeum
1570 1513 1834 1581 appressi‚
1891 1516 2090 1567 sericei.

226 1620 539 1685 Magnopere
594 1616 782 1668 variat:
840 1616 1068 1666 caulibus
1125 1614 1468 1681 potissimum,
1519 1613 1600 1678 qui
1640 1630 1771 1662 nune
1814 1612 2091 1678 longioreS,

227 1737 356 1768 nunc
398 1717 690 1777 brevioreS,
744 1715 1003 1780 simplices
1053 1717 1131 1766 vel
1186 1714 1403 1778 ramosi,
1455 1715 1639 1778 erecti,
1689 1714 1952 1778 declinati,
2003 1716 2090 1764 de-

227 1821 514 1869 cumbentes
567 1817 642 1867 vel
694 1816 934 1882 prostrati
985 1817 1369 1882 descripserim:
1431 1816 1520 1865 sed
1572 1816 1619 1865 in
1669 1816 1864 1866 hortum
1918 1823 2087 1866 trans-

222 1920 356 1970 latus
397 1918 570 1970 caules
609 1933 875 1982 ramosque
918 1916 1280 1967 erectiuseuios
1321 1916 1548 1982 virgatos
1593 1917 1825 1980 protulit,
1863 1933 1962 1967 non
1983 1916 2088 1983 jam

223 2021 624 2086 distinguendus.
736 2018 901 2069 Etiam
953 2018 1002 2067 in
1053 2018 1298 2083 Scepusio
1362 2020 1423 2068 ad
1474 2017 1706 2068 Lomuitz
1775 2026 1823 2066 et
1871 2016 1988 2068 alibi
2040 2017 2087 2066 in

222 2122 435 2186 asperis.
551 2122 599 2170 ln
634 2119 922 2186 junioribus
963 2119 1114 2170 ramis
1155 2129 1359 2182 cortex,
1416 2118 1612 2182 petinii,
1668 2118 1844 2169 foliola
1895 2121 2090 2181 subtus,

226 2221 491 2285 pedunculi
533 2221 834 2287 calycesque
878 2220 993 2285 pilis
1032 2221 1241 2271 sericeis
1281 2219 1541 2286 appressis
1581 2228 1696 2270 sunt
1736 2220 1921 2283 ineam,
1961 2234 2088 2285 quae

223 2340 341 2373 vero
383 2323 601 2389 qualitas
641 2322 691 2372 in
730 2321 1090 2387 speciminibus
1130 2325 1190 2373 ad
1232 2321 1412 2373 Zanko
1456 2340 1553 2372 non
1595 2321 1875 2386 proeulSz.
1900 2320 2086 2371 Leiszlo

222 2440 378 2490 supra
418 2423 659 2489 Siimegh.
704 2433 751 2473 et
790 2423 840 2473 in
880 2432 1046 2473 monte
1088 2421 1325 2489 Harseiny
1367 2421 1543 2473 Cottus
1571 2422 1911 2489 Baranyensis
1941 2422 2087 2472 lectis

222 2524 384 2574 minus
424 2523 699 2590 conspicua
740 2533 849 2588 est,
892 2525 1067 2574 eadem
1108 2524 1256 2574 etiam
1297 2525 1483 2575 foliolis
1520 2523 1796 2590 majoribus
1841 2525 2087 2574 abludun-

224 2634 303 2674 tur
356 2633 407 2674 ut
457 2625 613 2690 primo
665 2626 845 2675 intuitu
898 2624 1165 2675 distinctae
1220 2625 1418 2691 speeies
1471 2625 1749 2677 videantur.
1863 2625 1919 2674 ln
1956 2624 2087 2675 silva

222 2726 619 2789 Debrecinensi,
668 2726 729 2776 ad
770 2726 832 2775 N.
876 2725 1089 2792 Keiroly.

298 2854 449 2906 1271.
491 2857 555 2905 (3.
595 2869 975 2914 purpureus·

360 2936 417 3000 In
456 2951 704 3002 montanis
747 2950 1008 3004 croatiae.

295 3076 452 3128 1272.
492 3082 555 3128 (3.
593 3084 890 3130 falcatus.
947 3080 1021 3130 Pl.
1062 3096 1164 3131 rar.
1205 3079 1373 3146 Hung.
1415 3079 1501 3132 ΙΙΙ.
1541 3087 1574 3130 t.
1603 3080 1726 3132 238.

364 3178 418 3228 ln
458 3179 571 3243 alpe
612 3178 880 3230 Plissivica
921 3189 968 3230 et
1012 3189 1175 3232 monte
1203 3181 1444 3232 Merszin.
1522 3180 1841 3232 Simillimum
1881 3180 1983 3247 legi
2021 3184 2083 3233 ad

220 3277 543 3345 lapicidinam
585 3280 1056 3348 Gyiingyiisiensem
1094 3280 1358 3347 subfinem‚
1400 3289 1448 3333 et
1487 3283 1535 3333 in
1559 3282 1612 3336 P.
1645 3283 1727 3334 Sz.
1759 3283 1993 3350 Manen,
2032 3293 2084 3336 ut

220 3380 499 3441 videantur,
539 3398 602 3435 an
642 3399 739 3433 non
779 3379 832 3435 G.
856 3384 1147 3452 falcatum
1189 3400 1297 3434 cum
1338 3381 1390 3433 G.
1430 3388 1622 3451 supino
1654 3385 1916 3453 jungunt?
