2195 3657
182 141 312 213 214

185 301 357 343 tactas
397 291 774 343 Moticskenses
816 293 1054 358 occurrit,
1096 295 1274 346 saltem
1314 296 1495 348 simile.
1552 297 1757 346 Nomen<
1785 312 1885 346 nou
1917 295 2043 346 satis

187 391 488 456 conveniens
527 400 632 451 cst3
671 392 959 442 mutandum
999 392 1106 445 erit.

211 543 214 547 ’
256 519 376 571 947.
418 523 481 569 (3.
515 521 842 570 viscosum.
886 541 889 542 ⁷

328 617 428 667 Sed
471 617 590 667 folia
630 618 896 683 superiora
935 621 1265 676 acutiuscula.
1361 620 1615 686 Capsulae
1667 637 1819 688 saepe
1874 621 2046 688 calyce

188 717 337 782 duplo
377 717 665 783 longiores,
717 719 1080 784 subincurvae,
1132 738 1217 772 ore
1261 721 1495 773 lO-fido.
1583 721 1828 773 Panionia
1875 721 2047 772 dicho-

186 824 346 879 toma,
387 816 688 880 multiflora,
742 820 1036 883 pedunculis
1083 831 1195 886 post
1235 822 1466 873 anthesin
1509 822 1774 873 declinatis
1813 824 1904 873 sub
1944 838 2050 871 ma-

187 916 389 966 turitate
431 925 478 967 et
518 919 715 969 anthesi
755 921 954 971 erectis.
1032 922 1084 971 In
1126 922 1337 973 collibus
1380 931 1425 972 et
1468 923 1718 973 montibus
1757 921 1913 973 aridis
1951 921 2050 971 Bu—

186 1019 309 1082 dae,
375 1017 424 1068 in
473 1018 617 1070 clivis
669 1020 898 1072 arenosis
949 1021 1172 1072 Pesthini
1228 1032 1322 1072 ete.
1416 1023 1576 1073 Smith
1629 1022 1678 1072 in
1733 1022 1886 1072 Flora
1938 1021 2048 1072 brit.

191 1131 458 1180 perennem
499 1118 669 1181 ponit,
714 1117 860 1169 ctiam
902 1120 951 1169 in
993 1121 1361 1185 descriptione,
1411 1121 1707 1170 Wiildenow
1748 1137 1963 1171 annuam
2001 1121 2052 1169 in

192 1215 282 1280 Sp.
322 1215 398 1267 Pl.
440 1216 575 1266 etin
614 1217 708 1268 En.
764 1219 829 1284 pl.
881 1220 928 1269 h.
969 1221 1071 1272 ber.
1174 1221 1312 1287 Ergo
1365 1222 1448 1271 iile
1501 1222 1782 1272 distinctam
1835 1219 2051 1285 speciem

190 1319 280 1368 sub
319 1319 415 1368 hoc
455 1318 654 1369 nomine
695 1321 990 1386 descripsit,
1032 1339 1156 1387 quae
1195 1323 1244 1372 in
1286 1332 1506 1373 nostram
1547 1339 1645 1372 non
1688 1321 1837 1372 cadit.
1909 1321 2053 1385 Quod

193 1417 274 1468 hic
312 1436 342 1469 a
383 1419 637 1470 Mauksch
679 1428 942 1486 acceptum
996 1439 1083 1485 pro
1126 1420 1178 1473 C.
1217 1426 1420 1473 vz'scoso
1461 1440 1571 1472 cum
1613 1424 1785 1472 eodem
1824 1421 2061 1481 indicavi,

191 1520 481 1570 accuratius
535 1521 872 1571 examinatum
925 1522 1015 1571 fuit
1056 1520 1107 1571 (ἶ.
1147 1524 1453 1588 vulgatum.
1548 1525 1589 1572 A
1630 1522 1929 1572 Wilidenow
1970 1538 2056 1572 ac-

192 1628 389 1687 ceptum
432 1622 685 1687 specimen
740 1622 935 1672 videtur
987 1623 1273 1673 distinctum
1328 1640 1467 1674 esse:
1522 1640 1637 1674 nam
1690 1623 1842 1673 multo
1896 1622 2059 1673 minus

191 1720 446 1772 viscosum
498 1730 604 1786 est,
650 1723 755 1772 fere
812 1731 1000 1773 tantum
1049 1724 1343 1788 pedunculis
1379 1724 1814 1787 piloso-viscidis.
1892 1724 1941 1785 β.
1981 1722 2059 1772 fo-

194 1821 275 1872 liis
315 1823 868 1888 subrotundo-ovatis‚
918 1824 1079 1874 minus
1123 1823 1381 1874 viscidum.
1472 1824 1648 1874 Petaia
1689 1823 1869 1886 bifida,
1923 1822 2059 1888 caly-

195 1938 303 1972 cem
345 1922 725 1988 subaequantia.
806 1924 1037 1974 Stamina
1079 1925 1160 1975 10.
1241 1923 1368 1990 styli
1409 1925 1459 1974 5.
1539 1923 1727 1974 Caules
1771 1923 1944 1974 erecti.

266 2052 387 2102 948.
429 2054 492 2101 G.
535 2054 1096 2102 semidecandrum.

338 2150 415 2200 Ad
454 2150 698 2200 Szalaiier
747 2150 797 2199 in
851 2166 1043 2215 aggero
1099 2148 1386 2215 pollicaris‚
1445 2148 1759 2213 hipollicaris
1809 2150 2064 2216 magnitu-

200 2250 330 2301 dinis
368 2249 486 2314 legi.
566 2249 743 2300 Petaia
786 2250 953 2315 reipsa
996 2250 1169 2316 caiyce
1216 2249 1474 2311 breviora,
1515 2249 1848 2315 emarginata.
1900 2248 2061 2300 Etiam

200 2367 231 2401 a
273 2350 553 2401 Genersich
591 2350 818 2401 missum.

270 2466 392 2517 949.
433 2469 496 2516 0.
537 2468 960 2524 pentanorum
1003 2465 1076 2515 M.
1100 2464 1155 2513 Β.
1197 2481 1295 2514 non
1324 2462 1569 2513 Persoon.

343 2567 397 2616 {n
436 2565 687 2617 arenosis.
1031 2559 1034 2561 Α

274 2677 399 2729 950.
438 2680 500 2727 G.
541 2691 879 2727 arenosum
918 2675 1052 2726 mihi.

345 2777 402 2827 In
441 2775 747 2844 graminosis
788 2773 1033 2826 arenosis,
1113 2774 1431 2840 Descriptum
1475 2775 1565 2824 sub
1608 2789 1738 2824 nom.
1781 2770 1835 2825 C.
1876 2772 2068 2831 uvalis,

202 2897 230 2929 u
273 2897 366 2946 quo
406 2895 526 2930 vero
569 2878 844 2928 secundum
884 2875 1274 2941 descriptionem
1317 2875 1545 2936 Smissnii,
1597 2873 1672 2923 cui
1725 2874 1822 2924 hoc
1857 2869 1907 2921 C.
1950 2872 2068 2922 vul-

199 2990 393 3047 gatum
442 2986 547 3042 est,
609 2977 791 3027 differt.
907 2977 1194 3027 Proximum
1250 2975 1304 3027 C.
1357 2979 1583 3033 viscoso,
1648 2991 1678 3023 a
1744 2990 1837 3039 quo
1889 2971 2064 3021 distin-

203 3082 471 3148 guendum.

272 3208 396 3261 951.
434 3211 498 3259 (3.
539 3208 921 3258 hamaticum.

348 3306 511 3358 Priori
552 3306 733 3370 simile,
778 3307 864 3356 sed
890 3305 1008 3372 styli
1049 3311 1168 3367 treS,
1210 3311 1260 3354 ut
1297 3303 1473 3355 saltem
1516 3302 1564 3352 in
1605 3319 1701 3358 11110
1744 3301 1864 3351 flore
1907 3298 2067 3352 video.

209 3408 288 3458 Ex
326 3407 504 3458 itinere
548 3405 780 3459 banatico
822 3405 1061 3458 adlatum.
