2195 3657
1874 144 2001 207 253

168 288 490 339 characteres
549 306 634 338 seu
688 296 833 338 notas
892 288 1246 340 differentiales
1297 308 1392 339 non
1454 292 1730 355 distingunt
1797 295 1842 342 iu
1908 312 2000 343 uno

167 386 437 452 specimine
478 388 603 451 quod
646 388 801 437 solam
862 387 1116 451 capsulam
1174 389 1401 451 exhibet,
1460 390 1652 440 videtur
1708 393 1832 443 haee
1891 409 2002 443 esse

167 486 343 551 glabra
392 486 566 536 laevis.
684 486 776 535 Pro
830 485 890 534 E.
934 487 1085 536 dulci
1133 497 1296 537 autem
1360 491 1683 540 determinavi
1732 492 1778 542 in
1827 491 2002 542 itinere

164 585 471 651 Baranyensi
513 585 558 634 in
601 584 741 649 eujus
782 585 936 635 diario
991 586 1095 635 fors
1137 587 1278 651 plura
1318 596 1489 639 notata
1528 590 1850 654 reperientur.
1927 593 2004 642 ln-

165 685 275 736 veui
327 687 388 736 ad
428 684 639 734 Rendek
694 691 740 733 et
781 684 1031 750 Siimegh,
1086 694 1182 735 tum
1234 686 1279 736 in
1320 688 1564 739 Mun-aldiz
1615 699 1760 756 atque
1801 694 1861 742 ad
1905 692 2003 744 Va·-

163 784 413 835 rasdinum
453 784 501 834 in
542 784 681 834 silvis
722 794 767 834 et
807 784 1065 836 fruticetis,
1121 785 1395 836 Genersieh
1435 791 1666 852 eandem,
1708 802 1758 841 nt
1799 792 2004 856 videtur,

165 900 252 947 pro
292 883 592 933 carne'ole'ca
631 885 721 932 snb
780 882 925 933 dubio
980 883 1128 934 misit.
1206 884 1367 936 Etiam
1421 888 1468 936 iu
1512 890 1758 941 umbrosis
1800 895 1858 942 ad
1900 894 2003 946 Da·

162 981 327 1033 rl‘tvar.

236 1108 390 1159 1090.
429 1113 501 1157 Ε.
542 1109 849 1168 ambigua.
901 1108 972 1157 Pl.
1017 1125 1113 1159 rar.
1151 1108 1317 1175 Hung.
1361 1111 1416 1160 ll.
1461 1112 1575 1164 135.

304 1209 432 1258 Host
470 1209 598 1257 hanc
637 1208 961 1258 determinate
1005 1227 1091 1274 pro
1142 1209 1199 1261 E.
1241 1211 1389 1260 dulci
1427 1230 1514 1261 seu
1556 1214 2003 1279 quadrangulari

162 1307 371 1358 Haenke
411 1309 483 1373 (in
525 1308 661 1372 Jaeq.
701 1307 892 1359 collect.
936 1310 1203 1373 descripta)
1255 1310 1542 1360 declaravit.
1630 1311 1831 1363 Habitat
1876 1334 2000 1381 pone

158 1407 477 1474 Rezbanyam
519 1408 564 1457 in
605 1408 761 1470 silva,
802 1416 899 1458 tum
941 1409 1271 1472 Koreuieam,
1332 1411 1380 1460 in
1422 1411 1668 1474 Merszin,
1710 1423 1756 1461 et
1793 1414 1841 1464 in
1869 1418 1999 1467 valle

159 1508 415 1570 silvatica,
458 1525 544 1573 per
583 1524 725 1573 quam
769 1517 815 1558 et
856 1510 947 1558 bec
989 1520 1151 1560 mente
1193 1512 1251 1561 ad
1294 1511 1422 1562 Vrdo
1463 1513 1825 1567 descendimus.

234 1649 386 1698 1091.
426 1652 498 1696 Ε.
539 1653 812 1697 obovata
851 1648 982 1697 mibi.

301 1747 467 1796 Radix
510 1746 769 1810 perennis,
811 1762 1037 1808 ramosa,
1077 1747 1391 1811 sublignosa.
1469 1749 1651 1800 Caules
1695 1752 1873 1814 ereeti,
1915 1769 1999 1815 pe-

159 1847 298 1897 dales
338 1855 422 1897 aut
464 1847 612 1911 paulo
656 1846 938 1911 longiores,
999 1846 1223 1912 angulati
1277 1847 1351 1912 (in
1392 1848 1541 1899 siceis
1581 1851 1999 1920 exemplaribus),

157 1947 345 2013 glabri,
402 1948 605 2010 laeves,
664 1947 1042 2012 simplicesque,
1096 1965 1186 1997 nee
1232 1947 1324 1997 nisi
1378 1950 1468 1997 sub
1522 1949 1736 2001 umbella
1790 1968 1850 2000 ex
1903 1969 1998 2003 uua

155 2048 377 2097 alterave
415 2056 500 2097 aut
541 2047 643 2096 folii
684 2046 852 2096 axillis
894 2048 1220 2112 pedunculum
1264 2048 1520 2098 unillorum
1564 2060 1862 2113 promentes.
1897 2052 1998 2102 Fo-

156 2148 222 2198 lia
264 2147 884 2207 obovato-euneil'ormia,
926 2148 1132 2208 obtusa,
1172 2148 1520 2213 integerrima,
1570 2151 1774 2215 glabra,
1825 2154 1998 2202 subtus

159 2247 270 2312 pilis
312 2248 442 2297 raris
484 2248 746 2312 adspersa,
787 2247 1002 2296 breviter
1043 2247 1279 2311 petiolata
1323 2265 1410 2298 seu
1450 2247 1496 2297 in
1539 2251 1735 2301 brevem
1762 2252 1997 2316 petiolum

154 2358 442 2414 angustata.
520 2346 749 2398 Umbella
800 2348 1011 2410 5-fida‚
1065 2350 1217 2400 radiis
1272 2351 1556 2416 plerumque
1608 2351 1829 2402 indivisis
1888 2353 1993 2403 uni·

156 2448 320 2510 floris,
373 2465 484 2497 raro
527 2464 613 2512 pro
666 2448 784 2497 flore
838 2448 1165 2512 pedunculum
1224 2449 1494 2517 diphyllnm
1547 2450 1808 2501 uniflernm
1847 2453 1996 2503 eden—

155 2547 318 2609 tibus,
373 2547 639 2609 teretibus,
692 2546 909 2613 glabris,
963 2547 1205 2601 laevibus.
1321 2548 1631 2598 involuerum
1671 2550 1995 2617 5-phyllum,

154 2647 308 2697 radiis
364 2646 573 2712 aequale
635 2646 923 2711 lougiusve:
984 2647 1169 2696 foliolis
1230 2647 1443 2697 breviter
1503 2648 1752 2711 petiolatis
1814 2650 1993 2700 evale-

153 2747 415 2811 elliptieis‚
477 2747 857 2807 obtusiusffllis,
930 2747 1294 2811 integerrimis,
1360 2749 1565 2812 glabris.
1674 2750 1994 2801 Iuvolueellis

153 2846 411 2913 diphyllis:
454 2847 638 2897 foliolis
679 2847 893 2896 breviter
933 2846 1209 2910 petiolatis,
1253 2848 1442 2910 evatis,
1483 2849 1825 2911 acutiusculis,
1865 2850 1994 2900 inte-

153 2947 410 3012 gerrimis,
451 2946 660 3012 glabris.
734 2946 963 2995 Fructum
1007 2964 1104 2996 nou
1143 2946 1258 2996 vidi.
1329 2946 1532 2998 Habitat
1571 2948 1619 2998 in
1645 2948 1785 2999 silvis
1811 2949 1990 3000 montis

152 3046 330 3113 Papnk
371 3056 417 3096 et
459 3049 518 3096 ad
562 3046 792 3096 Daruvar
829 3046 877 3095 in
918 3045 1177 3098 Slavonia.

225 3173 383 3224 1092.
420 3180 493 3224 Ε.
534 3178 876 3225 nemoralis
918 3174 1053 3225 mihi.

293 3273 354 3323 Ε.
395 3276 698 3341 angulatae
753 3275 1010 3340 proxima,
1068 3290 1097 3323 a
1154 3290 1249 3339 qua
1308 3281 1472 3324 tamen
1523 3274 1720 3324 differre
1769 3273 1986 3325 videtum

154 3375 296 3426 caule
334 3374 573 3440 angulata
616 3373 837 3439 quidem,
876 3376 962 3425 sed
1003 3390 1111 3436 non>
1139 3373 1361 3434 sulcat03
1409 3372 1571 3437 foliis,
1610 3372 1987 3424 ovato-lancee-
