2195 3657
1844 169 1973 230 297

137 317 199 365 ad
240 317 459 366 thermas
496 315 729 366 Herculis
770 331 945 366 versus
985 316 1168 367 limites
1209 315 1508 368 valachiam
1548 334 1589 366 o.
1631 334 1671 369 c.
1703 318 1752 368 in
1787 318 1974 369 Domu-

133 416 282 480 gled,
321 416 503 481 Wolny
542 415 728 480 reperit
767 416 827 466 ad
869 414 1253 466 Sohemnicinm.

208 514 358 566 1239.
399 520 456 564 S.
498 519 776 563 crenata.

271 613 416 663 Folia
465 612 752 677 speciminis
814 613 874 663 ad
932 612 1059 663 Vacs
1109 613 1252 675 lecti,
1304 624 1416 663 suut
1471 629 1649 664 revera
1706 614 1969 665 trinervia:

131 713 298 763 nervis
339 730 363 761 e
405 713 589 776 potiolo
631 713 691 762 ad
743 712 932 775 apioom
987 713 1392 774 excurrentibus3
1450 715 1534 763 sed
1586 716 1646 763 ad
1687 713 1868 764 Heves.
1921 714 1969 763 in

131 810 256 862 silva
296 811 430 861 soliis
472 810 892 875 subtriplinerviis
932 821 1066 871 erat3
1106 811 1271 861 nervis
1312 812 1359 861 iu
1399 812 1534 862 disco
1575 813 1677 862 folii
1719 815 1838 863 ortis
1865 814 1969 877 ple·-

131 927 332 976 rumque
361 909 684 972 subalternis,
725 918 976 959 caeterum
1011 911 1205 960 omnino
1233 910 1491 960 similibus.
1529 916 1578 978 β.
1606 914 1967 976 glaucescens.

129 1010 393 1060 Caeterum
436 1009 610 1059 similis
650 1009 821 1073 priori,
863 1011 948 1058 sed
992 1010 1124 1059 foliis
1162 1010 1326 1074 magis
1367 1011 1615 1076 oblongis,
1654 1013 1970 1062 cuneiformi-

130 1111 251 1171 bus,
295 1108 862 1173 subglaucescentibus,
903 1115 953 1155 ut
993 1107 1041 1156 in
1079 1106 1405 1165 Hevesiensi,
1448 1108 1965 1172 triplinervi-venosis,

127 1208 332 1260 Habitat
373 1209 422 1258 in
463 1208 710 1258 montibus
750 1208 978 1269 Matrae,
1022 1207 1229 1257 forsitan
1271 1207 1466 1258 diversa
1510 1209 1724 1272 spot-ies.

202 1309 355 1360 1240.
396 1313 454 1358 S.
494 1313 797 1357 Aruneus.

269 1407 376 1457 Vidi
415 1407 462 1457 in
505 1406 672 1471 planta
712 1407 936 1457 mascula
977 1424 1271 1457 numerosos
1313 1407 1461 1456 flores
1518 1407 1970 1472 hermaphroditos,

127 1507 327 1571 pistillis
368 1509 431 1557 ab
470 1523 566 1556 uno
608 1508 667 1556 ad
710 1507 935 1572 quinquo.
1026 1507 1230 1558 Habitat
1277 1507 1327 1556 in
1377 1508 1621 1558 umbrosis
1661 1509 1968 1560 subhnmidis

126 1605 353 1668 Matrae,
393 1604 652 1668 Scepusii,
694 1603 1025 1665 Marmatiae,
1066 1603 1299 1655 Croatiae
1341 1606 1480 1653 etad
1520 1605 1755 1655 Bartfam.

201 1705 353 1754 1241.
391 1707 449 1753 S.
487 1706 907 1762 Filipemlula.

197 1826 201 1829 ·
270 1804 321 1852 ln
362 1803 520 1868 pratis
561 1811 608 1852 et
651 1803 853 1866 pascuis
892 1802 1039 1853 siccis
1080 1804 1316 1868 eopiosa,
1354 1803 1539 1853 intacta
1583 1804 1860 1869 pecoribus.

203 1904 354 1953 1242.
398 1906 455 1951 S.
495 1906 795 1952 Ulmaria.

267 2003 321 2050 In
364 2002 516 2065 pratis
552 2002 792 2063 humidis,
833 2002 1143 2065 potissimum
1183 2003 1312 2053 inter
1348 2004 1548 2067 saliceS,
1587 2011 1685 2053 tum
1720 2003 1965 2054 infossis·

788 2183 1282 2251 ”rupa-oeae.

198 2292 351 2345 1243.
392 2297 768 2353 Amygclalus
809 2296 1163 2343 communis.

270 2392 322 2441 ln
362 2391 488 2441 silva
529 2393 590 2440 ad
632 2391 984 2445 Varasdinum.

199 2492 351 2542 1244.
403 2497 473 2540 Α.
511 2509 694 2541 nana..

267 2591 436 2640 Budas
479 2590 526 2639 in
566 2589 812 2639 montibus
851 2588 1039 2653 apricis
1080 2588 1267 2647 rarior,
1308 2590 1369 2639 ad
1408 2589 1632 2639 Budaiirs
1673 2588 1963 2651 copiosissi-

127 2706 232 2751 ma,
301 2692 362 2739 ad
418 2689 544 2739 viam
592 2689 860 2738 Albensem
913 2703 1088 2737 versus
1140 2686 1580 2747 Maeirton-Vzisaeir,
1640 2687 1687 2734 in
1742 2685 1963 2748 margine

124 2784 281 2834 silvae
334 2783 504 2833 Hodos
561 2786 623 2833 ad
674 2784 856 2833 limites
910 2784 1084 2833 Cottns
1149 2783 1382 2833 Albensis
1440 2792 1487 2832 ot
1539 2781 1963 2845 Veszpromionsis

124 2884 349 2948 copiosa,
390 2883 436 2932 in
458 2883 721 2948 Szirhegyo
750 2885 810 2934 ad
845 2883 1135 2948 Gyiingyiis,
1176 2891 1271 2931 tum
1314 2882 1361 2931 in
1389 2882 1632 2932 montibus
1672 2882 1732 2930 ad
1760 2879 1964 2942 Szzinffi,

124 2981 323 3049 'l'f'tlya,
386 2981 572 3047 Tokay
631 2981 1011 3046 copiosissima,
1079 2982 1127 3031 in
1178 2997 1365 3046 aggere
1424 2981 1553 3030 infra
1601 2980 1847 3041 SzarvaS,
1913 2979 1962 3029 in

127 3082 328 3146 pascuis
369 3090 415 3130 ot
455 3081 612 3145 pratis
652 3081 799 3131 siccis
839 3083 898 3130 ad
941 3081 1308 3148 Meziihegyes,
1348 3081 1396 3130 in
1436 3081 1708 3146 aggeribus
1740 3080 1960 3130 Banatus

125 3194 165 3224 e.
209 3193 248 3224 o.
294 3176 420 3225 inter
460 3177 641 3227 Ostern
681 3184 728 3226 ot
767 3175 1016 3226 Hatzfeld.

203 3289 349 3338 1245.
391 3293 636 3337 Prunus
674 3293 901 3338 Padus.

267 3389 321 3437 ln
361 3386 573 3438 vallibus
611 3387 671 3436 ad
725 3386 857 3437 rivos
898 3385 1072 3435 Cottus
1110 3382 1569 3449 AllsaujvaeirionsiS‚
1626 3379 1956 3437 Seirnsimsffi,
