<?xml version="1.0" encoding="UTF-8"?>
<!DOCTYPE html PUBLIC "-//W3C//DTD XHTML 1.0 Transitional//EN"
    "http://www.w3.org/TR/xhtml1/DTD/xhtml1-transitional.dtd">
<html xmlns="http://www.w3.org/1999/xhtml" xml:lang="en" lang="en">
 <head>
  <title>
</title>
<meta http-equiv="Content-Type" content="text/html;charset=utf-8" />
  <meta name='ocr-system' content='tesseract 3.04.00' />
  <meta name='ocr-capabilities' content='ocr_page ocr_carea ocr_par ocr_line ocrx_word'/>
</head>
<body>
  <div class='ocr_page' id='page_1' title='image "./additamentaadflo00kita_0255.png"; bbox 0 0 2195 3657; ppageno 0'>
   <div class='ocr_carea' id='block_1_1' title="bbox 1856 138 1984 201">
    <p class='ocr_par' dir='ltr' id='par_1_1' title="bbox 1856 138 1984 201">
     <span class='ocr_line' id='line_1_1' title="bbox 1856 138 1984 201; baseline 0.023 -3"><span class='ocrx_word' id='word_1_1' title='bbox 1856 138 1984 201; x_wconf 74' lang='lat'><strong>249</strong></span> 
     </span>
    </p>
   </div>
   <div class='ocr_carea' id='block_1_2' title="bbox 146 284 1988 751">
    <p class='ocr_par' dir='ltr' id='par_1_2' title="bbox 146 284 1988 751">
     <span class='ocr_line' id='line_1_2' title="bbox 149 284 1985 353; baseline 0.002 -17"><span class='ocrx_word' id='word_1_2' title='bbox 149 298 352 337; x_wconf 80' lang='lat' dir='ltr'><strong>venosa.</strong></span> <span class='ocrx_word' id='word_1_3' title='bbox 429 284 607 336; x_wconf 86' lang='lat' dir='ltr'><strong>Petioli</strong></span> <span class='ocrx_word' id='word_1_4' title='bbox 659 284 771 336; x_wconf 86' lang='lat' dir='ltr'><strong>basi.</strong></span> <span class='ocrx_word' id='word_1_5' title='bbox 817 284 1109 349; x_wconf 85' lang='lat' dir='ltr'><strong>incrassati,</strong></span> <span class='ocrx_word' id='word_1_6' title='bbox 1159 287 1382 353; x_wconf 81' lang='lat' dir='ltr'>margine</span> <span class='ocrx_word' id='word_1_7' title='bbox 1434 287 1657 351; x_wconf 83' lang='lat' dir='ltr'><strong>connati,</strong></span> <span class='ocrx_word' id='word_1_8' title='bbox 1706 288 1840 338; x_wconf 89' lang='lat' dir='ltr'><strong>soliis</strong></span> <span class='ocrx_word' id='word_1_9' title='bbox 1877 289 1985 339; x_wconf 88' lang='lat' dir='ltr'><strong>lon-</strong></span> 
     </span>
     <span class='ocr_line' id='line_1_3' title="bbox 152 385 1988 451; baseline 0.002 -17"><span class='ocrx_word' id='word_1_10' title='bbox 152 385 352 449; x_wconf 84' lang='lat' dir='ltr'><strong>giores,</strong></span> <span class='ocrx_word' id='word_1_11' title='bbox 404 385 1042 449; x_wconf 84' lang='lat' dir='ltr'><strong>pubescenti-tomentosi,</strong></span> <span class='ocrx_word' id='word_1_12' title='bbox 1094 386 1429 449; x_wconf 86' lang='lat' dir='ltr'><strong>teretiusculi,</strong></span> <span class='ocrx_word' id='word_1_13' title='bbox 1480 404 1632 451; x_wconf 84' lang='lat' dir='ltr'><strong>supra</strong></span> <span class='ocrx_word' id='word_1_14' title='bbox 1672 388 1754 435; x_wconf 83' lang='lat' dir='ltr'><strong>vix</strong></span> <span class='ocrx_word' id='word_1_15' title='bbox 1794 389 1988 438; x_wconf 85' lang='lat' dir='ltr'><strong>notabi-</strong></span> 
     </span>
     <span class='ocr_line' id='line_1_4' title="bbox 146 483 1988 553; baseline 0.002 -20"><span class='ocrx_word' id='word_1_16' title='bbox 146 484 259 534; x_wconf 87' lang='lat' dir='ltr'><strong>liter</strong></span> <span class='ocrx_word' id='word_1_17' title='bbox 315 484 631 548; x_wconf 86' lang='lat' dir='ltr'><strong>planiusculi.</strong></span> <span class='ocrx_word' id='word_1_18' title='bbox 721 483 988 533; x_wconf 84' lang='lat' dir='ltr'><strong>Pedunculi</strong></span> <span class='ocrx_word' id='word_1_19' title='bbox 1041 486 1232 535; x_wconf 85' lang='lat' dir='ltr'><strong>fruetus</strong></span> <span class='ocrx_word' id='word_1_20' title='bbox 1282 488 1988 553; x_wconf 85' lang='lat' dir='ltr'><strong>subracemoso-corymbosi‚</strong></span> 
     </span>
     <span class='ocr_line' id='line_1_5' title="bbox 148 582 1985 649; baseline 0.001 -16"><span class='ocrx_word' id='word_1_21' title='bbox 148 582 427 633; x_wconf 89' lang='lat' dir='ltr'><strong>tomentosi.</strong></span> <span class='ocrx_word' id='word_1_22' title='bbox 538 583 780 633; x_wconf 86' lang='lat' dir='ltr'><strong>Samarae</strong></span> <span class='ocrx_word' id='word_1_23' title='bbox 833 600 931 632; x_wconf 86' lang='lat' dir='ltr'><strong>non</strong></span> <span class='ocrx_word' id='word_1_24' title='bbox 988 600 1103 633; x_wconf 89' lang='lat' dir='ltr'><strong>raro</strong></span> <span class='ocrx_word' id='word_1_25' title='bbox 1161 584 1212 632; x_wconf 88' lang='lat' dir='ltr'><strong>in</strong></span> <span class='ocrx_word' id='word_1_26' title='bbox 1262 586 1432 634; x_wconf 89' lang='lat' dir='ltr'><strong>eodem</strong></span> <span class='ocrx_word' id='word_1_27' title='bbox 1495 586 1733 649; x_wconf 64' lang='lat' dir='ltr'><strong>pedit-ello</strong></span> <span class='ocrx_word' id='word_1_28' title='bbox 1786 594 1985 649; x_wconf 84' lang='lat' dir='ltr'><strong>ternae,</strong></span> 
     </span>
     <span class='ocr_line' id='line_1_6' title="bbox 147 681 1987 751; baseline 0.003 -20"><span class='ocrx_word' id='word_1_29' title='bbox 147 682 622 734; x_wconf 81' lang='lat' dir='ltr'><strong>divaricatissimae:</strong></span> <span class='ocrx_word' id='word_1_30' title='bbox 690 681 782 731; x_wconf 87' lang='lat' dir='ltr'><strong>alis</strong></span> <span class='ocrx_word' id='word_1_31' title='bbox 837 682 1155 732; x_wconf 85' lang='lat' dir='ltr'><strong>subrecurvis</strong></span> <span class='ocrx_word' id='word_1_32' title='bbox 1209 687 1705 747; x_wconf 85' lang='lat' dir='ltr'><strong>nervoso-venosis‚</strong></span> <span class='ocrx_word' id='word_1_33' title='bbox 1764 685 1987 751; x_wconf 78' lang='lat' dir='ltr'><strong>glabris3</strong></span> 
     </span>
    </p>
   </div>
   <div class='ocr_carea' id='block_1_3' title="bbox 148 783 752 833">
    <p class='ocr_par' dir='ltr' id='par_1_3' title="bbox 148 783 752 833">
     <span class='ocr_line' id='line_1_7' title="bbox 148 783 752 833; baseline 0.002 -1"><span class='ocrx_word' id='word_1_34' title='bbox 148 783 359 833; x_wconf 84' lang='lat' dir='ltr'><strong>-nneibus</strong></span> <span class='ocrx_word' id='word_1_35' title='bbox 401 783 709 833; x_wconf 81' lang='lat' dir='ltr'><strong>tomentosis.</strong></span> <span class='ocrx_word' id='word_1_36' title='bbox 750 816 752 819; x_wconf 36' lang='lat' dir='ltr'>v</span> 
     </span>
    </p>
   </div>
   <div class='ocr_carea' id='block_1_4' title="bbox 143 959 1991 1920">
    <p class='ocr_par' dir='ltr' id='par_1_4' title="bbox 203 959 1312 1121">
     <span class='ocr_line' id='line_1_8' title="bbox 798 959 1312 1032; baseline 0 -16"><span class='ocrx_word' id='word_1_37' title='bbox 798 959 1312 1032; x_wconf 77' lang='lat' dir='ltr'><strong>Polygaleae.</strong></span> 
     </span>
     <span class='ocr_line' id='line_1_9' title="bbox 203 1063 1011 1121; baseline -0.007 -7"><span class='ocrx_word' id='word_1_38' title='bbox 203 1084 210 1088; x_wconf 91' lang='lat'>·</span> <span class='ocrx_word' id='word_1_39' title='bbox 236 1063 390 1113; x_wconf 83' lang='lat'><strong>1079.</strong></span> <span class='ocrx_word' id='word_1_40' title='bbox 430 1066 736 1121; x_wconf 77' lang='lat' dir='ltr'><strong>Polygala</strong></span> <span class='ocrx_word' id='word_1_41' title='bbox 773 1077 1011 1110; x_wconf 76' lang='lat' dir='ltr'><strong>amara.</strong></span> 
     </span>
    </p>

    <p class='ocr_par' dir='ltr' id='par_1_5' title="bbox 143 1150 1991 1920">
     <span class='ocr_line' id='line_1_10' title="bbox 319 1150 1989 1225; baseline -0.002 -15"><span class='ocrx_word' id='word_1_42' title='bbox 319 1181 365 1210; x_wconf 85' lang='grc' dir='ltr'><strong>α.</strong></span> <span class='ocrx_word' id='word_1_43' title='bbox 421 1176 646 1225; x_wconf 77' lang='lat' dir='ltr'><strong>amara,</strong></span> <span class='ocrx_word' id='word_1_44' title='bbox 685 1159 964 1225; x_wconf 59' lang='lat' dir='ltr'><strong>ffifatua.</strong></span> <span class='ocrx_word' id='word_1_45' title='bbox 1019 1150 1181 1208; x_wconf 35' lang='lat' dir='ltr'><strong>‘Haec</strong></span> <span class='ocrx_word' id='word_1_46' title='bbox 1234 1167 1484 1208; x_wconf 81' lang='lat' dir='ltr'><strong>caeterum</strong></span> <span class='ocrx_word' id='word_1_47' title='bbox 1538 1158 1785 1208; x_wconf 86' lang='lat' dir='ltr'><strong>simillima</strong></span> <span class='ocrx_word' id='word_1_48' title='bbox 1841 1158 1989 1221; x_wconf 79' lang='lat' dir='ltr'>priori</span> 
     </span>
     <span class='ocr_line' id='line_1_11' title="bbox 144 1256 1989 1322; baseline -0.003 -13"><span class='ocrx_word' id='word_1_49' title='bbox 144 1260 228 1309; x_wconf 87' lang='lat' dir='ltr'><strong>sed</strong></span> <span class='ocrx_word' id='word_1_50' title='bbox 284 1258 405 1309; x_wconf 83' lang='lat' dir='ltr'><strong>fatui</strong></span> <span class='ocrx_word' id='word_1_51' title='bbox 447 1257 645 1322; x_wconf 84' lang='lat' dir='ltr'><strong>saporis</strong></span> <span class='ocrx_word' id='word_1_52' title='bbox 699 1266 800 1319; x_wconf 87' lang='lat' dir='ltr'><strong>est,</strong></span> <span class='ocrx_word' id='word_1_53' title='bbox 864 1258 909 1306; x_wconf 90' lang='lat' dir='ltr'><strong>iu</strong></span> <span class='ocrx_word' id='word_1_54' title='bbox 970 1257 1272 1322; x_wconf 85' lang='lat' dir='ltr'><strong>alpestribus</strong></span> <span class='ocrx_word' id='word_1_55' title='bbox 1325 1257 1550 1308; x_wconf 81' lang='lat' dir='ltr'>arenosis</span> <span class='ocrx_word' id='word_1_56' title='bbox 1591 1256 1819 1322; x_wconf 84' lang='lat' dir='ltr'><strong>Scepusii</strong></span> <span class='ocrx_word' id='word_1_57' title='bbox 1856 1265 1989 1307; x_wconf 84' lang='lat' dir='ltr'><strong>nata.</strong></span> 
     </span>
     <span class='ocr_line' id='line_1_12' title="bbox 144 1356 1991 1423; baseline -0.001 -16"><span class='ocrx_word' id='word_1_58' title='bbox 144 1357 286 1407; x_wconf 87' lang='lat' dir='ltr'><strong>Folia</strong></span> <span class='ocrx_word' id='word_1_59' title='bbox 343 1357 540 1407; x_wconf 85' lang='lat' dir='ltr'><strong>cauliua</strong></span> <span class='ocrx_word' id='word_1_60' title='bbox 594 1367 689 1407; x_wconf 87' lang='lat' dir='ltr'><strong>tam</strong></span> <span class='ocrx_word' id='word_1_61' title='bbox 744 1359 885 1421; x_wconf 80' lang='lat' dir='ltr'><strong>huic,</strong></span> <span class='ocrx_word' id='word_1_62' title='bbox 952 1374 1097 1423; x_wconf 88' lang='lat' dir='ltr'><strong>quam</strong></span> <span class='ocrx_word' id='word_1_63' title='bbox 1136 1356 1199 1410; x_wconf 88' lang='lat' dir='ltr'><strong>P.</strong></span> <span class='ocrx_word' id='word_1_64' title='bbox 1242 1376 1471 1408; x_wconf 82' lang='lat' dir='ltr'><strong>amarae</strong></span> <span class='ocrx_word' id='word_1_65' title='bbox 1521 1366 1633 1406; x_wconf 90' lang='lat' dir='ltr'><strong>sunt</strong></span> <span class='ocrx_word' id='word_1_66' title='bbox 1684 1365 1991 1418; x_wconf 80' lang='lat' dir='ltr'><strong>mucronata,</strong></span> 
     </span>
     <span class='ocr_line' id='line_1_13' title="bbox 145 1456 1987 1522; baseline -0.001 -17"><span class='ocrx_word' id='word_1_67' title='bbox 145 1458 293 1506; x_wconf 87' lang='lat' dir='ltr'><strong>etiam</strong></span> <span class='ocrx_word' id='word_1_68' title='bbox 334 1457 383 1506; x_wconf 91' lang='lat' dir='ltr'><strong>in</strong></span> <span class='ocrx_word' id='word_1_69' title='bbox 423 1458 781 1520; x_wconf 81' lang='lat' dir='ltr'><strong>speciminibus</strong></span> <span class='ocrx_word' id='word_1_70' title='bbox 824 1457 1196 1522; x_wconf 78' lang='lat' dir='ltr'><strong>Mygindiauis3</strong></span> <span class='ocrx_word' id='word_1_71' title='bbox 1236 1456 1487 1506; x_wconf 85' lang='lat' dir='ltr'><strong>simillima</strong></span> <span class='ocrx_word' id='word_1_72' title='bbox 1529 1459 1586 1505; x_wconf 87' lang='lat' dir='ltr'><strong>ad</strong></span> <span class='ocrx_word' id='word_1_73' title='bbox 1622 1457 1987 1506; x_wconf 75' lang='lat' dir='ltr'><strong>catarrhactam</strong></span> 
     </span>
     <span class='ocr_line' id='line_1_14' title="bbox 144 1544 1989 1622; baseline -0.001 -17"><span class='ocrx_word' id='word_1_74' title='bbox 144 1556 541 1606; x_wconf 81' lang='lat' dir='ltr'><strong>Moticskensem</strong></span> <span class='ocrx_word' id='word_1_75' title='bbox 594 1573 620 1604; x_wconf 86' lang='lat' dir='ltr'><strong>a</strong></span> <span class='ocrx_word' id='word_1_76' title='bbox 679 1571 752 1603; x_wconf 87' lang='lat' dir='ltr'><strong>me</strong></span> <span class='ocrx_word' id='word_1_77' title='bbox 804 1544 980 1605; x_wconf 50' lang='lat' dir='ltr'><strong>lectas</strong></span> <span class='ocrx_word' id='word_1_78' title='bbox 1025 1575 1070 1622; x_wconf 81' lang='grc' dir='ltr'><strong>γ.</strong></span> <span class='ocrx_word' id='word_1_79' title='bbox 1112 1555 1245 1604; x_wconf 87' lang='lat' dir='ltr'><strong>Inter</strong></span> <span class='ocrx_word' id='word_1_80' title='bbox 1283 1553 1489 1603; x_wconf 78' lang='lat' dir='ltr'><strong>Hradek</strong></span> <span class='ocrx_word' id='word_1_81' title='bbox 1544 1563 1590 1603; x_wconf 87' lang='lat' dir='ltr'><strong>et</strong></span> <span class='ocrx_word' id='word_1_82' title='bbox 1630 1554 1713 1603; x_wconf 85' lang='lat' dir='ltr'><strong>Sz.</strong></span> <span class='ocrx_word' id='word_1_83' title='bbox 1768 1553 1885 1604; x_wconf 65' lang='lat' dir='ltr'><strong>{vein</strong></span> <span class='ocrx_word' id='word_1_84' title='bbox 1942 1555 1989 1603; x_wconf 85' lang='lat' dir='ltr'><strong>in</strong></span> 
     </span>
     <span class='ocr_line' id='line_1_15' title="bbox 144 1654 1989 1721; baseline -0.001 -17"><span class='ocrx_word' id='word_1_85' title='bbox 144 1655 311 1721; x_wconf 85' lang='lat' dir='ltr'><strong>pineto</strong></span> <span class='ocrx_word' id='word_1_86' title='bbox 354 1654 568 1704; x_wconf 78' lang='lat' dir='ltr'><strong>occurrit</strong></span> <span class='ocrx_word' id='word_1_87' title='bbox 594 1655 691 1704; x_wconf 83' lang='lat' dir='ltr'><strong>alia</strong></span> <span class='ocrx_word' id='word_1_88' title='bbox 720 1664 802 1703; x_wconf 88' lang='lat' dir='ltr'><strong>aut</strong></span> <span class='ocrx_word' id='word_1_89' title='bbox 836 1656 1084 1717; x_wconf 85' lang='lat' dir='ltr'><strong>varietas,</strong></span> <span class='ocrx_word' id='word_1_90' title='bbox 1122 1665 1207 1704; x_wconf 88' lang='lat' dir='ltr'><strong>aut</strong></span> <span class='ocrx_word' id='word_1_91' title='bbox 1249 1654 1480 1704; x_wconf 87' lang='lat' dir='ltr'><strong>distincta</strong></span> <span class='ocrx_word' id='word_1_92' title='bbox 1505 1655 1728 1720; x_wconf 84' lang='lat' dir='ltr'><strong>species:</strong></span> <span class='ocrx_word' id='word_1_93' title='bbox 1764 1655 1989 1705; x_wconf 84' lang='lat' dir='ltr'><strong>caulibus</strong></span> 
     </span>
     <span class='ocr_line' id='line_1_16' title="bbox 145 1754 1986 1820; baseline -0.001 -16"><span class='ocrx_word' id='word_1_94' title='bbox 145 1754 472 1819; x_wconf 83' lang='lat' dir='ltr'><strong>spithamaeis</strong></span> <span class='ocrx_word' id='word_1_95' title='bbox 514 1755 842 1805; x_wconf 67' lang='lat' dir='ltr'><strong>evectioribus</strong></span> <span class='ocrx_word' id='word_1_96' title='bbox 884 1755 1154 1820; x_wconf 78' lang='lat' dir='ltr'>iisdemque</span> <span class='ocrx_word' id='word_1_97' title='bbox 1197 1764 1242 1802; x_wconf 82' lang='lat' dir='ltr'><strong>et</strong></span> <span class='ocrx_word' id='word_1_98' title='bbox 1283 1754 1419 1804; x_wconf 78' lang='lat' dir='ltr'><strong>foliis</strong></span> <span class='ocrx_word' id='word_1_99' title='bbox 1445 1755 1671 1820; x_wconf 80' lang='lat' dir='ltr'><strong>margine</strong></span> <span class='ocrx_word' id='word_1_100' title='bbox 1698 1754 1986 1805; x_wconf 85' lang='lat' dir='ltr'><strong>brevissime</strong></span> 
     </span>
     <span class='ocr_line' id='line_1_17' title="bbox 143 1853 1984 1920; baseline -0.001 -16"><span class='ocrx_word' id='word_1_101' title='bbox 143 1855 556 1919; x_wconf 74' lang='lat' dir='ltr'><strong>pubescentibus,</strong></span> <span class='ocrx_word' id='word_1_102' title='bbox 616 1855 695 1904; x_wconf 84' lang='lat' dir='ltr'><strong>liis</strong></span> <span class='ocrx_word' id='word_1_103' title='bbox 735 1855 1299 1905; x_wconf 79' lang='lat' dir='ltr'><strong>lanceolata-cuneatis</strong></span> <span class='ocrx_word' id='word_1_104' title='bbox 1341 1854 1624 1918; x_wconf 86' lang='lat' dir='ltr'><strong>majoribus.</strong></span> <span class='ocrx_word' id='word_1_105' title='bbox 1701 1854 1756 1904; x_wconf 89' lang='lat' dir='ltr'><strong>Iu</strong></span> <span class='ocrx_word' id='word_1_106' title='bbox 1794 1853 1984 1920; x_wconf 73' lang='lat' dir='ltr'><strong>Rosaly</strong></span> 
     </span>
    </p>
   </div>
   <div class='ocr_carea' id='block_1_5' title="bbox 142 1952 1612 2018">
    <p class='ocr_par' dir='ltr' id='par_1_6' title="bbox 142 1952 1612 2018">
     <span class='ocr_line' id='line_1_18' title="bbox 142 1952 1612 2018; baseline -0.003 -15"><span class='ocrx_word' id='word_1_107' title='bbox 142 1962 302 2003; x_wconf 86' lang='lat' dir='ltr'><strong>monte</strong></span> <span class='ocrx_word' id='word_1_108' title='bbox 344 1954 428 2018; x_wconf 88' lang='lat' dir='ltr'><strong>(ad</strong></span> <span class='ocrx_word' id='word_1_109' title='bbox 471 1953 653 2001; x_wconf 89' lang='lat' dir='ltr'><strong>limites</strong></span> <span class='ocrx_word' id='word_1_110' title='bbox 694 1953 1018 2014; x_wconf 75' lang='lat' dir='ltr'><strong>Marinatiae)</strong></span> <span class='ocrx_word' id='word_1_111' title='bbox 1060 1952 1309 2002; x_wconf 84' lang='lat' dir='ltr'><strong>simillima</strong></span> <span class='ocrx_word' id='word_1_112' title='bbox 1353 1953 1480 2002; x_wconf 85' lang='lat' dir='ltr'><strong>lecta</strong></span> <span class='ocrx_word' id='word_1_113' title='bbox 1522 1962 1612 2001; x_wconf 88' lang='lat' dir='ltr'><strong>est.</strong></span> 
     </span>
    </p>
   </div>
   <div class='ocr_carea' id='block_1_6' title="bbox 145 2079 1995 3444">
    <p class='ocr_par' dir='ltr' id='par_1_7' title="bbox 218 2079 1073 2132">
     <span class='ocr_line' id='line_1_19' title="bbox 218 2079 1073 2132; baseline 0.001 -3"><span class='ocrx_word' id='word_1_114' title='bbox 218 2080 368 2132; x_wconf 81' lang='lat'>1070.</span> <span class='ocrx_word' id='word_1_115' title='bbox 407 2086 473 2128; x_wconf 82' lang='lat' dir='ltr'><strong>P.</strong></span> <span class='ocrx_word' id='word_1_116' title='bbox 514 2082 898 2130; x_wconf 72' lang='lat' dir='ltr'><strong>multicauliS</strong></span> <span class='ocrx_word' id='word_1_117' title='bbox 940 2079 1073 2130; x_wconf 83' lang='lat' dir='ltr'><strong>mihi.</strong></span> 
     </span>
    </p>

    <p class='ocr_par' dir='ltr' id='par_1_8' title="bbox 145 2175 1995 3444">
     <span class='ocr_line' id='line_1_20' title="bbox 288 2175 1989 2243; baseline -0.001 -15"><span class='ocrx_word' id='word_1_118' title='bbox 288 2179 451 2228; x_wconf 82' lang='lat' dir='ltr'><strong>Radix</strong></span> <span class='ocrx_word' id='word_1_119' title='bbox 494 2178 752 2243; x_wconf 85' lang='lat' dir='ltr'><strong>perennis,</strong></span> <span class='ocrx_word' id='word_1_120' title='bbox 808 2194 1034 2238; x_wconf 87' lang='lat' dir='ltr'><strong>ramosa,</strong></span> <span class='ocrx_word' id='word_1_121' title='bbox 1088 2178 1278 2238; x_wconf 87' lang='lat' dir='ltr'><strong>tenuis,</strong></span> <span class='ocrx_word' id='word_1_122' title='bbox 1332 2177 1623 2227; x_wconf 81' lang='lat' dir='ltr'><strong>flavescens.</strong></span> <span class='ocrx_word' id='word_1_123' title='bbox 1703 2175 1886 2227; x_wconf 87' lang='lat' dir='ltr'><strong>Caules</strong></span> <span class='ocrx_word' id='word_1_124' title='bbox 1929 2195 1989 2226; x_wconf 89' lang='lat' dir='ltr'><strong>ex</strong></span> 
     </span>
     <span class='ocr_line' id='line_1_21' title="bbox 146 2276 1991 2342; baseline -0.002 -13"><span class='ocrx_word' id='word_1_125' title='bbox 146 2281 317 2330; x_wconf 85' lang='lat' dir='ltr'><strong>eadem</strong></span> <span class='ocrx_word' id='word_1_126' title='bbox 357 2278 525 2327; x_wconf 78' lang='lat' dir='ltr'><strong>radice</strong></span> <span class='ocrx_word' id='word_1_127' title='bbox 569 2277 794 2342; x_wconf 81' lang='lat' dir='ltr'><strong>plurimi,</strong></span> <span class='ocrx_word' id='word_1_128' title='bbox 856 2279 1238 2339; x_wconf 82' lang='lat' dir='ltr'><strong>decumbentes,</strong></span> <span class='ocrx_word' id='word_1_129' title='bbox 1294 2277 1541 2341; x_wconf 80' lang='lat' dir='ltr'><strong>palmares</strong></span> <span class='ocrx_word' id='word_1_130' title='bbox 1581 2276 1991 2342; x_wconf 86' lang='lat' dir='ltr'><strong>subspithamaei,</strong></span> 
     </span>
     <span class='ocr_line' id='line_1_22' title="bbox 148 2376 1993 2450; baseline -0.002 -21"><span class='ocrx_word' id='word_1_131' title='bbox 148 2389 352 2450; x_wconf 80' lang='lat' dir='ltr'><strong>tenues,</strong></span> <span class='ocrx_word' id='word_1_132' title='bbox 394 2379 499 2428; x_wconf 87' lang='lat' dir='ltr'><strong>basi</strong></span> <span class='ocrx_word' id='word_1_133' title='bbox 545 2378 756 2440; x_wconf 80' lang='lat' dir='ltr'><strong>ramosi,</strong></span> <span class='ocrx_word' id='word_1_134' title='bbox 810 2377 1135 2427; x_wconf 83' lang='lat' dir='ltr'><strong>teretiuseuli.</strong></span> <span class='ocrx_word' id='word_1_135' title='bbox 1248 2376 1395 2426; x_wconf 86' lang='lat' dir='ltr'><strong>Folia</strong></span> <span class='ocrx_word' id='word_1_136' title='bbox 1436 2378 1625 2426; x_wconf 86' lang='lat' dir='ltr'><strong>alterna</strong></span> <span class='ocrx_word' id='word_1_137' title='bbox 1670 2377 1716 2426; x_wconf 92' lang='lat' dir='ltr'><strong>in</strong></span> <span class='ocrx_word' id='word_1_138' title='bbox 1759 2377 1993 2441; x_wconf 87' lang='lat' dir='ltr'><strong>petiolum</strong></span> 
     </span>
     <span class='ocr_line' id='line_1_23' title="bbox 147 2476 1993 2545; baseline -0.002 -15"><span class='ocrx_word' id='word_1_139' title='bbox 147 2486 446 2545; x_wconf 83' lang='lat' dir='ltr'><strong>angustata,</strong></span> <span class='ocrx_word' id='word_1_140' title='bbox 511 2477 879 2539; x_wconf 80' lang='lat' dir='ltr'><strong>obtusiuscula,</strong></span> <span class='ocrx_word' id='word_1_141' title='bbox 942 2485 1125 2538; x_wconf 88' lang='lat' dir='ltr'><strong>ovata,</strong></span> <span class='ocrx_word' id='word_1_142' title='bbox 1187 2476 1446 2540; x_wconf 84' lang='lat' dir='ltr'><strong>superiora</strong></span> <span class='ocrx_word' id='word_1_143' title='bbox 1491 2476 1993 2539; x_wconf 84' lang='lat' dir='ltr'><strong>ovato-lanceolata,</strong></span> 
     </span>
     <span class='ocr_line' id='line_1_24' title="bbox 145 2576 1991 2636; baseline -0.001 -9"><span class='ocrx_word' id='word_1_144' title='bbox 145 2578 384 2629; x_wconf 85' lang='lat' dir='ltr'><strong>iuferiora</strong></span> <span class='ocrx_word' id='word_1_145' title='bbox 426 2577 631 2626; x_wconf 81' lang='lat' dir='ltr'><strong>minora.</strong></span> <span class='ocrx_word' id='word_1_146' title='bbox 709 2577 887 2626; x_wconf 85' lang='lat' dir='ltr'><strong>Flores</strong></span> <span class='ocrx_word' id='word_1_147' title='bbox 929 2578 975 2625; x_wconf 88' lang='lat' dir='ltr'><strong>in</strong></span> <span class='ocrx_word' id='word_1_148' title='bbox 1018 2592 1214 2625; x_wconf 80' lang='lat' dir='ltr'><strong>racemo</strong></span> <span class='ocrx_word' id='word_1_149' title='bbox 1258 2576 1529 2636; x_wconf 84' lang='lat' dir='ltr'><strong>terminali,</strong></span> <span class='ocrx_word' id='word_1_150' title='bbox 1582 2579 1828 2632; x_wconf 87' lang='lat' dir='ltr'><strong>secund0,</strong></span> <span class='ocrx_word' id='word_1_151' title='bbox 1869 2577 1991 2626; x_wconf 81' lang='lat'><strong>6-</strong></span> 
     </span>
     <span class='ocr_line' id='line_1_25' title="bbox 153 2666 1993 2742; baseline -0.003 -13"><span class='ocrx_word' id='word_1_152' title='bbox 153 2678 423 2729; x_wconf 73' lang='lat' dir='ltr'><strong>12—floro:</strong></span> <span class='ocrx_word' id='word_1_153' title='bbox 475 2676 731 2742; x_wconf 81' lang='lat' dir='ltr'><strong>pedicellis</strong></span> <span class='ocrx_word' id='word_1_154' title='bbox 786 2676 1097 2740; x_wconf 84' lang='lat' dir='ltr'><strong>patentibus,</strong></span> <span class='ocrx_word' id='word_1_155' title='bbox 1160 2677 1351 2723; x_wconf 86' lang='lat' dir='ltr'><strong>demum</strong></span> <span class='ocrx_word' id='word_1_156' title='bbox 1401 2666 1640 2723; x_wconf 64' lang='lat' dir='ltr'><strong>recurris.</strong></span> <span class='ocrx_word' id='word_1_157' title='bbox 1752 2673 1993 2726; x_wconf 77' lang='lat' dir='ltr'><strong>Bracteae</strong></span> 
     </span>
     <span class='ocr_line' id='line_1_26' title="bbox 151 2773 1995 2838; baseline -0.003 -10"><span class='ocrx_word' id='word_1_158' title='bbox 151 2777 764 2837; x_wconf 77' lang='lat' dir='ltr'><strong>albo-membranaceae,</strong></span> <span class='ocrx_word' id='word_1_159' title='bbox 837 2777 1082 2837; x_wconf 74' lang='lat' dir='ltr'><strong>caducae,</strong></span> <span class='ocrx_word' id='word_1_160' title='bbox 1146 2774 1438 2824; x_wconf 86' lang='lat' dir='ltr'><strong>intermedia</strong></span> <span class='ocrx_word' id='word_1_161' title='bbox 1488 2773 1728 2838; x_wconf 86' lang='lat' dir='ltr'><strong>pedicello</strong></span> <span class='ocrx_word' id='word_1_162' title='bbox 1779 2773 1995 2838; x_wconf 80' lang='lat' dir='ltr'><strong>longior,</strong></span> 
     </span>
     <span class='ocr_line' id='line_1_27' title="bbox 149 2873 1995 2943; baseline -0.003 -16"><span class='ocrx_word' id='word_1_163' title='bbox 149 2878 373 2943; x_wconf 87' lang='lat' dir='ltr'><strong>reliquae</strong></span> <span class='ocrx_word' id='word_1_164' title='bbox 428 2877 778 2941; x_wconf 81' lang='lat' dir='ltr'><strong>subaequales.</strong></span> <span class='ocrx_word' id='word_1_165' title='bbox 870 2876 992 2925; x_wconf 88' lang='lat' dir='ltr'><strong>Alae</strong></span> <span class='ocrx_word' id='word_1_166' title='bbox 1047 2875 1306 2942; x_wconf 80' lang='lat' dir='ltr'><strong>calycinae</strong></span> <span class='ocrx_word' id='word_1_167' title='bbox 1361 2882 1567 2935; x_wconf 83' lang='lat' dir='ltr'><strong>ovatae,</strong></span> <span class='ocrx_word' id='word_1_168' title='bbox 1618 2876 1850 2933; x_wconf 87' lang='lat' dir='ltr'><strong>obtusae,</strong></span> <span class='ocrx_word' id='word_1_169' title='bbox 1907 2873 1995 2922; x_wconf 87' lang='lat' dir='ltr'><strong>tri-</strong></span> 
     </span>
     <span class='ocr_line' id='line_1_28' title="bbox 150 2973 1993 3039; baseline -0.003 -12"><span class='ocrx_word' id='word_1_170' title='bbox 150 2978 631 3038; x_wconf 85' lang='lat' dir='ltr'><strong>nervio-venosae,</strong></span> <span class='ocrx_word' id='word_1_171' title='bbox 670 2975 809 3025; x_wconf 87' lang='lat' dir='ltr'><strong>venis</strong></span> <span class='ocrx_word' id='word_1_172' title='bbox 849 2974 1116 3037; x_wconf 79' lang='lat' dir='ltr'><strong>viridibus,</strong></span> <span class='ocrx_word' id='word_1_173' title='bbox 1158 2982 1407 3024; x_wconf 83' lang='lat' dir='ltr'><strong>caeterum</strong></span> <span class='ocrx_word' id='word_1_174' title='bbox 1449 2973 1746 3038; x_wconf 85' lang='lat' dir='ltr'><strong>diaphanae,</strong></span> <span class='ocrx_word' id='word_1_175' title='bbox 1787 2973 1993 3039; x_wconf 86' lang='lat' dir='ltr'><strong>primum</strong></span> 
     </span>
     <span class='ocr_line' id='line_1_29' title="bbox 151 3072 1991 3139; baseline -0.005 -9"><span class='ocrx_word' id='word_1_176' title='bbox 151 3080 651 3130; x_wconf 86' lang='lat' dir='ltr'><strong>subcoerulescentes</strong></span> <span class='ocrx_word' id='word_1_177' title='bbox 715 3079 904 3126; x_wconf 84' lang='lat' dir='ltr'><strong>demum</strong></span> <span class='ocrx_word' id='word_1_178' title='bbox 968 3075 1399 3139; x_wconf 84' lang='lat' dir='ltr'><strong>expallescentes,</strong></span> <span class='ocrx_word' id='word_1_179' title='bbox 1471 3072 1660 3123; x_wconf 79' lang='lat' dir='ltr'><strong>corolla</strong></span> <span class='ocrx_word' id='word_1_180' title='bbox 1721 3073 1991 3136; x_wconf 83' lang='lat' dir='ltr'><strong>longiores.</strong></span> 
     </span>
     <span class='ocr_line' id='line_1_30' title="bbox 154 3171 1990 3244; baseline -0.006 -16"><span class='ocrx_word' id='word_1_181' title='bbox 154 3179 390 3229; x_wconf 85' lang='lat' dir='ltr'><strong>Corollae</strong></span> <span class='ocrx_word' id='word_1_182' title='bbox 432 3195 766 3244; x_wconf 84' lang='lat' dir='ltr'><strong>congenerum</strong></span> <span class='ocrx_word' id='word_1_183' title='bbox 809 3177 1063 3239; x_wconf 79' lang='lat' dir='ltr'><strong>cristatae,</strong></span> <span class='ocrx_word' id='word_1_184' title='bbox 1106 3191 1289 3240; x_wconf 81' lang='lat' dir='ltr'><strong>parvae</strong></span> <span class='ocrx_word' id='word_1_185' title='bbox 1330 3174 1746 3224; x_wconf 85' lang='lat' dir='ltr'><strong>coeruleseentes.</strong></span> <span class='ocrx_word' id='word_1_186' title='bbox 1789 3171 1990 3221; x_wconf 83' lang='lat' dir='ltr'><strong>Habitat</strong></span> 
     </span>
     <span class='ocr_line' id='line_1_31' title="bbox 151 3270 1989 3342; baseline -0.007 -13"><span class='ocrx_word' id='word_1_187' title='bbox 151 3283 200 3330; x_wconf 87' lang='lat' dir='ltr'><strong>in</strong></span> <span class='ocrx_word' id='word_1_188' title='bbox 259 3279 399 3333; x_wconf 85' lang='lat' dir='ltr'><strong>silvis</strong></span> <span class='ocrx_word' id='word_1_189' title='bbox 440 3278 707 3342; x_wconf 86' lang='lat' dir='ltr'><strong>Croatiae,</strong></span> <span class='ocrx_word' id='word_1_190' title='bbox 766 3280 826 3329; x_wconf 86' lang='lat' dir='ltr'><strong>ad</strong></span> <span class='ocrx_word' id='word_1_191' title='bbox 888 3277 1015 3327; x_wconf 87' lang='lat' dir='ltr'><strong>viam</strong></span> <span class='ocrx_word' id='word_1_192' title='bbox 1057 3275 1372 3338; x_wconf 82' lang='lat' dir='ltr'><strong>Carolinam,</strong></span> <span class='ocrx_word' id='word_1_193' title='bbox 1430 3274 1572 3324; x_wconf 89' lang='lat' dir='ltr'><strong>floret</strong></span> <span class='ocrx_word' id='word_1_194' title='bbox 1627 3289 1657 3322; x_wconf 86' lang='lat' dir='ltr'><strong>a</strong></span> <span class='ocrx_word' id='word_1_195' title='bbox 1712 3271 1807 3320; x_wconf 89' lang='lat' dir='ltr'><strong>fine</strong></span> <span class='ocrx_word' id='word_1_196' title='bbox 1846 3270 1989 3320; x_wconf 86' lang='lat' dir='ltr'><strong>Junii.</strong></span> 
     </span>
     <span class='ocr_line' id='line_1_32' title="bbox 156 3370 1990 3444; baseline -0.007 -15"><span class='ocrx_word' id='word_1_197' title='bbox 156 3379 323 3444; x_wconf 86' lang='lat' dir='ltr'><strong>Sapor</strong></span> <span class='ocrx_word' id='word_1_198' title='bbox 361 3378 549 3432; x_wconf 80' lang='lat' dir='ltr'><strong>fatuus,</strong></span> <span class='ocrx_word' id='word_1_199' title='bbox 660 3382 712 3441; x_wconf 84' lang='grc' dir='ltr'><strong>β.</strong></span> <span class='ocrx_word' id='word_1_200' title='bbox 755 3379 828 3428; x_wconf 88' lang='lat' dir='ltr'><strong>An</strong></span> <span class='ocrx_word' id='word_1_201' title='bbox 868 3376 1088 3427; x_wconf 84' lang='lat' dir='ltr'><strong>varietas</strong></span> <span class='ocrx_word' id='word_1_202' title='bbox 1126 3370 1498 3426; x_wconf 57' lang='lat' dir='ltr'><strong>multu-aulis?</strong></span> <span class='ocrx_word' id='word_1_203' title='bbox 1549 3371 1683 3421; x_wconf 83' lang='lat' dir='ltr'><strong>foliis</strong></span> <span class='ocrx_word' id='word_1_204' title='bbox 1735 3378 1990 3434; x_wconf 82' lang='lat' dir='ltr'><strong>utrumque</strong></span> 
     </span>
    </p>
   </div>
  </div>
 </body>
</html>
