2195 3657
1820 135 1935 200 1⁰1

94 283 449 349 longitudinem
489 280 664 332 setulis
705 280 833 338 ratis
874 281 1105 332 brevibus
1145 283 1272 333 albis
1312 284 1573 347 adspersi,
1628 284 1763 334 infra
1799 287 1936 352 caly-

93 400 196 433 cem
238 383 523 433 incrassati.
643 379 806 446 Calyx
847 382 1427 448 ovato-cylindraceus,
1488 382 1600 447 pilis
1649 383 1777 438 albis
1827 385 1937 436 lon-

92 481 334 548 giusculis
371 479 597 530 indivisis
637 478 891 543 hispidus,
926 480 1489 547 ‘sulcato-angulatum
1539 481 1759 548 squamis
1808 484 1936 535 cari-

88 580 594 643 natis,‚linearibus,
634 578 966 629 exterioribus
1006 580 1152 645 triplo
1192 580 1538 645 longioribus,
1593 582 1937 648 acutiusculis,

89 680 233 745 apice
273 678 655 745 nigricantibus.
750 677 984 729 Corollae
1042 688 1089 728 et
1141 680 1385 744 genitalia
1435 681 1594 743 flava,
1650 682 1933 749 seminaque

89 797 197 830 cum
240 796 402 844 pappo
450 787 496 826 et
536 778 906 842 receptaculum
949 786 996 827 ut
1038 778 1083 826 in
1125 779 1238 828 aliis
1279 780 1562 843 speciebuS.
1631 780 1819 833 Similis
1855 781 1931 832 A.

86 878 313 942 dubiae,
354 879 440 927 sed
481 877 603 927 folia
643 877 865 927 sinuata:
923 878 1121 928 laciniis
1161 880 1365 928 remotis
1405 879 1728 942 lanceolatis3
1791 883 1929 947 scapi

84 978 298 1045 aphylli,
338 978 460 1026 setis
500 976 694 1042 sparsis
733 976 999 1041 hispiduli,
1058 979 1205 1043 calyx
1248 966 1534 1043 oblongus,
1574 981 1697 1031 sctis
1735 981 1931 1048 longio-

86 1049 219 1125 ribus
258 1075 506 1140 hispiduS.
581 1069 794 1124 Habitat
829 1076 874 1125 in
920 1075 1124 1141 rupibus
1165 1076 1446 1139 subalpinis
1489 1076 1743 1129 Croatiae.

154 1176 271 1226 460.
309 1181 379 1225 A.
417 1177 661 1224 incana.

224 1261 433 1323 Habitat
471 1274 520 1322 in
562 1272 773 1322 collibus
818 1281 863 1321 ct
905 1275 1153 1324 montibus
1192 1274 1318 1324 locis
1357 1274 1540 1340 apricis
1581 1275 1757 1341 siccis,
1817 1276 1930 1342 quin

86 1381 132 1423 et
170 1371 220 1423 in
258 1373 456 1437 alpibus
507 1383 554 1422 et
596 1372 872 1437 subalpinis
926 1390 966 1424 e.
1008 1392 1049 1422 c.
1090 1375 1139 1423 in
1189 1383 1353 1424 monte
1394 1375 1616 1426 Merszin
1664 1377 1725 1426 ad
1765 1362 1932 1426 Koress

80 1472 270 1534 nicam,
328 1472 376 1521 in
424 1471 622 1537 alpibus
659 1471 923 1522 Plissivica
976 1481 1023 1521 et
1072 1472 1310 1524 Velebich
1371 1475 1476 1537 (ubi
1530 1475 1715 1539 pumila
1773 1476 1858 1525 vix
1896 1478 1928 1525 4

83 1554 346 1637 pollicibus
401 1571 549 1620 altior
601 1571 864 1633 occurrit);
940 1571 989 1620 in
1053 1573 1257 1637 rupibus
1309 1572 1433 1622 calc.
1485 1572 1606 1638 legit
1656 1573 1928 1640 Mauksch,

80 1672 189 1721 loco
231 1671 378 1721 simili
421 1670 630 1719 vidimus
672 1679 838 1720 natam
881 1670 927 1719 in
967 1672 1097 1720 valle
1140 1671 1314 1723 Vileua
1369 1674 1526 1739 draga
1567 1691 1720 1739 prope
1761 1674 1924 1725 Kore-

78 1750 271 1833 nicam,
331 1770 380 1820 in
419 1771 674 1821 Malenica
725 1778 887 1819 monte
929 1771 1051 1835 legit
1091 1772 1310 1834 Rochel,
1373 1773 1422 1821 in
1461 1773 1711 1824 montibus
1766 1776 1825 1824 ad
1868 1775 1924 1825 Β.

77 1871 242 1920 Fiired
284 1871 595 1922 hortulanus.
710 1872 928 1937 Saepius
969 1880 1073 1922 tota
1115 1874 1287 1937 planta
1326 1873 1536 1936 incana,
1588 1875 1736 1925 etiam
1776 1876 1922 1942 calyx

78 1970 191 2036 pilis
234 1973 494 2021 admodum
548 1973 805 2029 brevibus,
870 1972 1013 2038 apice
1070 1973 1305 2024 stellatim
1357 1974 1556 2037 divisis,
1615 1975 1744 2025 alias
1784 1978 1921 2042 scapi

75 2073 217 2138 apice
255 2079 301 2120 et
340 2071 487 2137 calyx
528 2072 639 2122 basi
679 2074 958 2138 pubescens
1022 2074 1132 2138 pilis
1183 2091 1268 2124 seu
1321 2074 1442 2124 setis
1493 2075 1806 2141 longioribus
1845 2076 1921 2127 iu-

76 2170 338 2221 termixtis.
359 2199 422 2207 —-
451 2193 499 2222 α.
540 2173 697 2222 Foliis
736 2173 1246 2237 repando-dentatis,
1286 2191 1537 2240 scapoque
1564 2175 1726 2226 minus
1755 2177 1920 2228 densis

77 2273 191 2338 pilis
236 2271 649 2335 canescentibuS,
703 2271 959 2337 calycibus
998 2272 1225 2336 hispidis.
1300 2272 1471 2322 Budae
1518 2272 1650 2324 lecta
1696 2273 1743 2324 in
1781 2292 1921 2325 mon-

76 2373 206 2423 tibus
247 2372 451 2437 apricis.
477 2402 535 2408 -
584 2373 636 2436 β.
676 2371 839 2422 Foliis
882 2372 1091 2437 obtusis,
1130 2372 1495 2438 integerrimis,
1532 2374 1698 2424 mollis
1737 2391 1767 2425 a
1807 2375 1933 2440 pilis'·

73 2473 388 2524 densissimis
426 2471 662 2522 brevibus
704 2471 957 2523 multifidis
996 2472 1206 2524 incanis.
1285 2473 1471 2540 Calyce
1511 2474 1853 2540 nigrescente,
1888 2494 1920 2527 a

73 2574 189 2638 pilis
228 2571 540 2637 longioribus
582 2581 907 2632 canescente;
950 2573 1139 2623 corolla
1166 2574 1389 2640 calycem
1414 2591 1588 2639 parum
1629 2576 1916 2625 excedente.

73 2674 267 2737 Scapus
308 2688 422 2722 raro
464 2672 761 2737 spithamam
805 2688 1044 2738 aequans.
1154 2672 1555 2739 Foliasesqui-
1594 2681 1680 2725 aut
1718 2674 1915 2740 bipolli-

34 2811 38 2815 .
72 2772 224 2823 caria.
301 2771 506 2822 Habitat
545 2772 594 2822 in
633 2772 831 2837 alpibus
872 2772 1105 2838 Scepusii
1143 2789 1276 2825 rara.
1336 2774 1411 2824 An
1451 2773 1682 2825 distincta
1720 2776 1915 2840 species

70 2872 152 2935 sit,
186 2871 382 2922 cultura
422 2873 811 2924 tentandum.-
851 2893 898 2940 γ.
923 2873 1082 2924 Foliis
1123 2874 1363 2927 sinuatis:
1404 2875 1633 2926 dentibus
1674 2876 1915 2940 patentis-

72 2972 228 3023 simis.
302 2972 358 3021 In
397 2971 537 3022 silvis
581 2972 770 3037 praedii
806 2973 1006 3040 Eszeny
1047 2975 1107 3024 ad
1147 2973 1358 3024 Isztiner
1396 2975 1458 3024 ab
1497 2974 1655 3025 Horhi
1694 2975 1840 3026 lecta.

140 3071 263 3122 461.
299 3076 370 3120 A.
409 3076 637 3122 obtusa
675 3072 812 3122 mihi.

220 3167 387 3218 Radix
427 3169 689 3235 primaria,
727 3178 900 3233 recta,
938 3170 1122 3234 brevis,
1160 3171 1269 3222 basi
1310 3172 1357 3222 in
1396 3172 1646 3224 radiculas
1683 3172 1767 3223 vix
1805 3172 1912 3238 pol-

71 3268 184 3318 licis
220 3267 528 3333 longitudine
569 3270 762 3334 divisa,
789 3271 963 3323 fusca.
1075 3272 1271 3337 scapus
1312 3272 1629 3337 subpedali5‚
1678 3271 1908 3321 sulcato-

71 3367 307 3431 striatus‚
356 3368 560 3434 glaber,
596 3379 681 3420 aut
723 3371 918 3421 omnino
960 3373 1119 3422 nudus
1159 3380 1243 3423 aut
1280 3371 1451 3422 foliolo
1491 3371 1720 3421 subulato
1754 3385 1906 3433 supra
