2195 3657
208 108 339 172 284

212 263 480 330 gerrimae‚
519 262 855 324 lanceolatae,
892 260 943 310 in
984 259 1242 323 cuspidem
1283 259 1490 327 longum
1515 262 1658 326 apice
1697 262 1925 313 latiorem
1953 281 2071 328 pro-

207 367 414 426 ductae,
479 364 652 413 subtus
703 361 939 411 inferiore
986 369 1127 426 parte
1169 362 1523 427 subhispidae‚
1578 363 1810 427 margine
1849 363 2071 424 ciliatae,

209 465 332 514 setis
372 462 749 528 glanduliferis,
799 463 935 512 intus
978 463 1130 511 dense
1182 462 1411 512 villosae.
1527 462 1707 513 Petala
1745 465 2072 527 subrotunda,

214 579 387 627 parum
430 561 761 622 einarginata.
814 559 1034 626 Cauiis,
1076 569 1125 610 ut
1166 568 1305 610 notat
1346 561 1630 625 Maukscb‚
1670 562 1865 618 inferne
1904 562 2070 614 rarius

210 662 499 724 aculeatuS‚
550 661 741 712 aculeis
793 660 1177 710 horizontaliter
1216 662 1518 724 patentibus.
1594 661 1800 711 Habitat
1839 662 1889 712 in
1927 662 2070 724 silvis

207 760 668 812 Leibnitzensibns.
737 760 831 810 Pro
874 777 1004 810 nova
1045 761 1178 811 misit
1217 762 1502 825 Mauksch,
1542 763 1625 828 qui
1664 763 2070 828 interrogandus,

212 861 353 926 cujus
414 861 599 911 coloris
657 861 808 911 flores
868 861 983 912 sint.
1093 859 1167 912 R.
1219 862 1554 927 glandulosae
1608 862 1843 912 Bellardii
1905 862 2069 913 differt

209 963 434 1027 germine
475 970 654 1025 ovato,
693 962 852 1011 foliol.
896 961 1455 1023 subrotundo-ovatis,
1496 962 1715 1025 glabris,
1755 965 1909 1014 ramis
1948 980 2069 1014 acu-

211 1059 386 1119 leatis3
434 1060 626 1110 aculeis
667 1060 1006 1110 siibrccnrvis.

282 1202 434 1254 1195.
477 1207 534 1251 S.
576 1206 1000 1262 scepusiensis
1040 1203 1119 1252 vel
1158 1208 1236 1252 R.
1276 1207 1641 1254 Maukschii
1679 1204 1814 1254 mihi.

348 1303 535 1354 Caules
577 1303 798 1363 ramosi,
840 1304 1062 1369 ramique
1104 1304 1341 1366 aculeati,
1382 1284 1577 1355 aculeis
1608 1306 1801 1370 sparsis
1826 1305 2070 1372 inaequa-

207 1404 268 1453 lis
307 1404 664 1466 subrecnrvis‚
723 1405 915 1469 glabri,
974 1405 1163 1455 laeves.
1278 1405 1421 1455 Folia
1472 1406 1659 1472 trijuga
1712 1424 1819 1457 cum
1860 1407 2066 1471 impari:

207 1505 394 1555 foliolis
435 1505 629 1568 ovatis,
690 1507 888 1568 acutis,
962 1506 1418 1568 inciso-serratis,
1467 1507 1696 1558 dentibus
1755 1508 2067 1573 simplicibus

207 1607 603 1672 duplicatisque,
647 1610 870 1672 utrinque
916 1606 1303 1669 glabriusculis,
1346 1608 1460 1672 pilis
1502 1608 1818 1671 paucissimis
1856 1610 2067 1673 adsper-

206 1706 291 1756 sis.
381 1706 559 1756 Petioli
601 1709 962 1771 pubescentes,
1027 1708 1150 1757 setis
1211 1707 1561 1772 glanduliferis
1612 1708 1823 1774 hispidi,
1891 1709 2066 1774 paucis

203 1808 396 1859 aculeis
430 1808 629 1859 armati.
695 1808 925 1874 Stipulae
967 1817 1175 1866 acutae,
1230 1799 1470 1873 glabrae,
1510 1809 2065 1873 glanduloso-eiliatae.

204 1908 481 1958 Pedunculi
525 1925 773 1959 ramorum
816 1909 1138 1971 terminales,
1188 1909 1433 1972 solitarii,
1494 1909 1750 1961 rarissime
1791 1911 1919 1973 bini,
1961 1910 2070 1961 uni-

207 2010 343 2073 flori,
380 2010 573 2075 glabri,
615 2011 817 2074 laeves,
854 2010 1086 2061 inermes.
1141 2011 1357 2061 Germen
1397 2013 1778 2076 subrotundum‚
1819 2012 2068 2084 glabrum,

204 2109 365 2158 laeve.
478 2109 721 2159 Laciniae
766 2109 955 2176 calyris
997 2110 1345 2173 lamentatae,
1395 2111 1749 2171 acuminatae,
1796 2110 2065 2176 integerri-

198 2227 338 2274 mae,
397 2211 626 2276 margine
680 2221 728 2260 et
776 2211 908 2261 intus
960 2211 1201 2274 villosae,
1254 2220 1509 2261 caeterum
1550 2212 1778 2278 glabrae.
1892 2212 2066 2262 Petala

201 2314 493 2364 obcordata.
608 2312 817 2361 Habitat
877 2312 926 2361 iu
977 2313 1254 2377 Scepusio‚
1317 2315 1445 2363 unde
1507 2331 1596 2377 pro
1647 2330 1778 2363 nova
1829 2313 2066 2380 missaa

201 2413 485 2475 Maukscli,
544 2412 624 2478 qui
677 2413 1100 2477 interrogandus,
1160 2430 1223 2463 an
1283 2415 1454 2479 petala
1506 2415 1659 2463 rubra
1708 2414 1834 2478 sint,
1896 2414 1962 2462 uti
2017 2422 2064 2463 et

201 2513 363 2579 qualis
405 2513 468 2563 sit
508 2514 731 2576 fructus,
773 2521 819 2562 et
858 2531 952 2579 quo
995 2522 1218 2581 tempore
1259 2514 1466 2578 floreat,
1508 2532 1667 2581 quove
1707 2516 1819 2565 loco
1852 2523 2064 2566 crescat.

289 2641 444 2691 1196.
484 2647 561 2690 R.
601 2644 849 2692 vinosa.

340 2740 477 2790 Inter
527 2740 827 2791 Lnbloviam
887 2749 935 2789 et
991 2742 1245 2792 Gnesdum
1303 2742 1352 2791 in
1406 2741 1682 2806 Scepusio,
1741 2742 1790 2791 in
1855 2742 2061 2807 rupibus

197 2841 327 2891 infra
379 2840 545 2891 Chocs
611 2857 786 2892 versus
837 2842 1014 2892 Lestin
1079 2845 1140 2893 ad
1204 2844 1384 2894 limites
1437 2844 1615 2895 Cottns
1672 2844 1941 2906 Arvensis,
2012 2843 2059 2892 in

198 2937 423 2994 Oroatia.

288 3062 443 3115 1197.
482 3070 559 3115 R.
600 3071 898 3126 glabram
938 3068 1070 3120 mihi.

342 3165 583 3216 Omnibus
638 3168 864 3231 partibus
917 3167 1138 3232 glabris,
1211 3170 1388 3219 demtis
1450 3170 1702 3222 nonnullis
1767 3170 2059 3234 pedunculis

197 3265 388 3330 aliquot
425 3267 547 3317 setis
587 3269 866 3333 adspersis.
944 3269 1090 3320 Rami
1132 3271 1473 3334 subinermes,
1516 3272 1834 3335 paucissimis
1866 3272 2057 3321 aculeis

199 3364 423 3414 recurvis
476 3364 732 3427 instructi,
791 3375 876 3415 ant
929 3366 1127 3416 omnino
1179 3367 1412 3419 inermes.
1506 3369 1652 3420 Folia
1691 3370 2056 3435 2--3--juga
