2195 3657
239 292 534 367 neiform'ia,
563 295 717 368 'apice
757 298 1075 365 emarginata
1114 313 1226 347 cum
1267 312 1502 346 mucrone
1543 306 1591 345 et
1635 312 1789 360 prope
1829 297 1957 347 banc
1990 313 2100 347 ser-

239 406 380 468 rata,
450 408 702 454 caeterum
752 399 1109 465 integerrima,
1175 396 1354 447 striata
1418 413 1507 447 seu
1555 396 1758 448 lineata.
1871 397 2099 462 Stipui'ae

241 504 535 568 sumdatae,
613 501 719 552 basi
772 499 1302 562 dilatato-dentatae,
1380 497 1667 562 superiores
1726 497 2099 563 integerrimae.

240 590 420 655 Petioli
460 601 596 652 foliis
647 599 920 650 breviores.
1006 598 1242 666 Corymbi
1295 597 1471 647 florum
1526 596 1899 662 simplicissimi
1926 595 1986 646 iis
2024 595 2104 647 M.

237 710 590 773 prostratae.-
631 698 925 766 pedunculis
964 696 1085 747 folio
1128 697 1277 761 panio
1320 693 1667 759 longioribus,
1718 695 1975 759 pontirollis
2015 712 2105 746 ca..

243 803 402 868 iycem
445 800 797 866 aequantibus.
834 798 1082 847 Bracteae
1125 793 1384 860 pediceffls
1413 792 1687 858 breviores,
1729 793 1834 842 basi
1861 792 2105 842 iatiuscu-

246 902 326 951 lae
367 899 480 949 iude
519 894 1118 949 setaceo·acuminatae.
1205 893 1369 959 Calyx
1419 891 1831 956 campanulatus,
1879 892 2107 943 dentibus

244 999 666 1066 subaequalibns,
718 995 1240 1048 subuiato-setaceis.
1317 991 1522 1043 Corolia
1571 992 1705 1042 flava
1744 991 1821 1041 M.
1857 1002 2109 1060 prostra-

243 1113 351 1155 tae.
427 1101 691 1166 Legumeu
733 1096 1118 1158 rectiusculum,
1158 1095 1407 1160 glabrum.
1485 1091 1752 1142 Caeterum
1795 1100 1899 1142 tota
1939 1091 2110 1159 planta

250 1205 440 1265 (demta
480 1200 697 1266 corolla)
740 1196 963 1248 canescit
1017 1211 1048 1245 a
1101 1193 1217 1260 pilis
1259 1191 1566 1243 tenuissimis
1633 1192 1958 1242 brevissimis.
2053 1193 2108 1241 lu

245 1309 410 1352 monte
453 1299 683 1350 Gerardi.
747 1297 981 1347 Floribus
1021 1293 1253 1359 foliisque
1297 1292 1552 1343 simillima
1589 1291 1671 1344 M.
1707 1302 2024 1360 prostratae
2063 1301 2109 1341 et

247 1402 595 1462 declinatam
635 1400 722 1450 scd
764 1399 966 1447 diversa
1008 1393 1344 1460 leguminibus
1386 1393 1721 1444 rectiuscnlis.
1792 1393 1834 1443 A
1874 1390 1952 1443 M.
1976 1393 2108 1460 fal—

245 1510 377 1552 cata
416 1509 610 1563 autem,
652 1498 728 1548 eui
770 1496 1021 1561 legumine
1050 1494 1269 1559 propior,
1312 1492 1505 1543 differt:
1546 1492 1773 1543 caulibus
1813 1492 1963 1556 duplo
1997 1493 2112 1539 bre-

249 1601 499 1664 vioribus,
550 1599 738 1650 foliolis
800 1594 1456 1657 lineari-cuneiformibus,
1527 1593 1669 1659 apice
1733 1593 1944 1643 serratis
1996 1595 2111 1658 (nee

250 1702 585 1768 tridentatis);
639 1699 838 1765 stipulis
880 1695 1157 1747 minoribus
1197 1695 1459 1761 (dentatae
1501 1702 1616 1744 sunt
1659 1693 1923 1744 inferiores
1953 1693 2112 1741 ‘ctiam

249 1804 295 1853 in
336 1802 416 1853 M.
443 1802 735 1869 falcata);
797 1796 1119 1849 canescentia
1160 1796 1376 1846 omnium
1420 1796 1632 1860 partium
1686 1812 1715 1845 a
1757 1794 1871 1859 pilis
1911 1793 2114 1843 minutis

253 1903 356 1969 (qui
393 1901 912 1968 desuntfalcatae);
955 1897 1205 1962 legumine
1242 1895 1561 1946 rectiusculo.
1604 1894 1864 1960 Legumen
1891 1894 2114 1958 quando-

251 2017 343 2067 que
382 2001 444 2049 ab
488 1998 696 2048 insectis
737 1996 967 2047 striatam
1019 1994 1237 2044 inflatum
1294 2002 1335 2042 et
1397 2003 1613 2042 ovatum.
1726 1993 1801 2041 An
1854 2007 1990 2040 mera
2024 2007 2113 2039 vaa

253 2101 407 2152 rictas
432 2098 512 2151 M.
541 2099 809 2166 falcatae
849 2113 961 2146 eum
1001 2095 1220 2159 stipulae
1263 2093 1528 2143 inferiores
1570 2092 1715 2143 etiam
1759 2091 2115 2150 denticulatae,

253 2211 301 2251 et
340 2201 635 2268 quandoque
677 2197 855 2248 foliola
885 2197 1029 2263 apii-e
1070 2195 1402 2246 subserrata?

346 2354 500 2407 1287.
539 2360 618 2403 Μ.
658 2356 923 2403 falcata.

396 2477 445 2508 α.
482 2454 719 2522 glabra,
753 2453 1037 2521 junioribus
1080 2461 1243 2501 tamen
1301 2451 1527 2515 partibus
1561 2449 1812 2499 levissime
1863 2449 2116 2513 subpubc-

258 2552 529 2605 scentibus.
644 2556 697 2617 β.
732 2551 1057 2619 pubescens,
1111 2551 1338 2599 omnibus
1371 2548 1622 2613 ‘partibus
1672 2551 1858 2612 (denna
1900 2547 2118 2613 corolla)

261 2654 408 2704 etiam
459 2652 799 2719 leguminibus
852 2650 966 2715 pilis
1019 2649 1333 2700 brevissimis
1385 2651 1537 2698 dense
1590 2648 1768 2698 obsita.
1858 2649 1909 2697 ln
1965 2648 2119 2698 aridis

257 2751 470 2802 collibus
513 2760 559 2800 et
599 2750 881 2812 montibuS,
950 2748 989 2799 si
1034 2749 1137 2797 fere
1180 2749 1347 2799 omnia
1386 2757 1530 2799 aestu
1596 2754 1930 2809 evanescunt,
1989 2745 2118 2796 laete

258 2860 478 2919 vegetat.

334 3007 487 3060 1288.
524 3010 604 3054 M.
643 3007 950 3063 lupulina.

403 3108 549 3172 Apud
588 3123 680 3156 nos
719 3104 933 3169 stipulae
995 3106 1262 3167 dentatae,
1312 3103 1484 3154 foliola
1534 3103 1834 3152 obcordata:
1884 3119 1995 3152 cum
2035 3103 2122 3150 de-

259 3209 416 3260 finitio
458 3207 602 3258 fallit.
680 3206 817 3257 Tota
860 3205 1114 3270 pubescit,
1177 3205 1325 3254 etiam
1365 3205 1619 3269 legumina
1657 3204 1943 3253 immatura.
2015 3201 2123 3252 Ha-

263 3312 385 3361 bitat
426 3310 475 3359 in
514 3307 673 3358 hortis
706 3314 760 3383 ‚et
801 3304 1105 3370 graminosis
1159 3321 1245 3367 per
1300 3312 1451 3355 totam
1502 3302 1818 3369 Hungariam
1868 3312 2016 3369 atque
2073 3302 2119 3351 iu

263 3409 562 3476 Scepusium
603 3416 650 3458 et
684 3407 887 3459 Arvam.
965 3405 1045 3457 Fi.
1082 3403 1244 3455 Junio.
