2195 3657
185 106 318 197 '220

279 292 407 344 963.
446 295 509 342 (3.
549 286 1013 342 Szalabe'erense
1050 286 1244 337 interea
1284 286 1421 338 mibi.

336 390 504 441 Radix
528 387 780 454 perennis,
821 402 1040 450 ramosa,
1081 387 1267 452 pallide
1295 387 1601 436 fusccsccnS.
1656 383 1842 436 Caules
1874 383 2045 447 erecti,

192 500 277 541 aut
318 489 425 539 basi
468 490 849 549 decumbentes,
890 486 1225 552 subpedales,
1268 485 1448 552 pilosie
1488 485 1603 552 pilis
1641 484 1862 535 reflexis.
1901 483 2048 534 Folia

191 588 771 651 lanceolam-linearia,
814 595 988 650 acuta,
1034 587 1388 650 pubescentia,
1428 585 1794 637 scabriuscnla.
1866 582 2048 635 Flores

192 688 241 739 in
282 687 516 752 panicula
542 687 821 749 terminali,
861 687 1173 749 dichotoma,
1213 687 1561 737 ‹lensiusrula2
1606 677 1883 750 pedunculo
1915 701 2065 735 com-.

196 787 327 836 muni
382 803 535 851 supra
587 803 870 851 supremum
913 785 1144 835 foliorum
1186 798 1278 849 par
1328 803 1434 834 cnm
1483 784 1665 835 3-4
1713 784 1880 850 pellic.
1934 801 2052 850 pro-

194 889 426 952 longato,
468 887 1070 951 pubesrenti-tomentoso
1118 903 1205 936 sen
1249 886 1362 952 pilis
1402 885 1712 936 brevissimis
1752 885 2054 937 subviscidis

196 987 346 1039 ramis
389 987 653 1053 paniculae
697 987 1053 1054 pedicollisque
1093 987 1323 1037 similiter
1365 986 1590 1050 vestitis,
1626 988 1790 1052 magis
1831 985 2052 1037 visridiS.

195 1089 437 1139 Bractcac
493 1088 761 1154 phyllaquc
815 1088 1123 1148 lanceolata,
1190 1087 1560 1147 obtusiusrnla,
1619 1087 1767 1136 dorso
1821 1086 2054 1137 brevibus

195 1187 494 1239 subviscidis
538 1188 649 1252 pilis
676 1186 1000 1250 pubescentia
1019 1228 1031 1249 ,
1074 1187 1355 1249 posteriora
1384 1186 1610 1251 margine
1634 1186 1873 1253 apiccqne
1901 1203 2056 1237 mem-

196 1280 467 1340 branacea.
547 1287 784 1338 Corollae
826 1287 984 1353 calyci
1027 1288 1265 1353 aequales
1306 1289 1553 1348 (secunda
1594 1287 1770 1336 saltem
1810 1286 1860 1337 in
1909 1287 2055 1338 sche-

195 1388 312 1438 dula
349 1391 693 1452 notaveram:
737 1388 916 1452 petalis
959 1386 1138 1438 bifidis.
1217 1387 1446 1437 Stamina
1491 1387 1570 1437 10.
1650 1386 1779 1452 Styli
1820 1388 1869 1438 5.
1928 1387 2056 1439 Ger-

201 1504 310 1537 men
349 1487 629 1552 globosum.
710 1483 933 1549 Capsnla
977 1521 987 1532 .
1030 1524 1039 1534 .
1083 1521 1094 1532 .
1172 1485 1244 1533 Ad
1287 1484 1531 1534 Szalabor
1570 1484 1770 1536 lectum.

288 1632 410 1681 964.
452 1633 515 1680 (3.
556 1632 980 1688 caespitosum
1020 1628 1156 1678 mihi.

346 1731 481 1780 Inter
523 1731 722 1794 plantas
773 1729 968 1778 itineris
1027 1728 1229 1778 croatiri
1289 1729 1625 1794 descriptum:
1690 1729 1842 1794 priori
1882 1729 2061 1794 simile,

200 1833 285 1882 sed
330 1831 512 1896 petalis
555 1832 728 1897 calyce
771 1830 1083 1895 longioribus
1125 1829 1402 1892 diversum,
1440 1830 1621 1880 loetum
1661 1830 1709 1880 in
1750 1848 1941 1898 aggere
1970 1831 2059 1882 sil-

203 1951 294 1984 vae
334 1949 512 1982 versus
554 1932 701 1998 Nagy
743 1930 941 1980 Sziilliis
982 1949 1077 1980 non
1121 1932 1292 1996 procul
1348 1940 1513 1981 monte
1555 1930 1757 1997 Somld,
1819 1932 1867 1983 in
1907 1933 2066 1999 agris,

199 2034 477 2099 aggeribus
518 2034 565 2082 in
609 2033 857 2082 Murakiiz
912 2040 958 2080 ct
996 2033 1056 2081 ad
1100 2031 1290 2097 Magno
1335 2032 1656 2083 Varadinum.
1736 2033 1875 2083 Misit
1915 2033 2062 2083 etiam

205 2135 499 2185 Genersicli.
575 2135 624 2196 β.
667 2133 971 2183 simillimum
1013 2134 1167 2183 herba
1210 2132 1504 2194 humiliore,
1545 2134 1749 2184 corollis
1790 2134 2065 2201 majoribus

203 2236 254 2286 in
292 2237 407 2301 alpe
447 2235 715 2285 Plissivica
759 2235 987 2298 legimuS.

292 2394 413 2445 965.
455 2396 517 2443 C.
548 2394 939 2442 latifoliumv

348 2493 479 2543 Huic
519 2499 653 2541 certe
705 2491 922 2542 maxime
976 2489 1306 2553 conveniunt,
1367 2507 1492 2556 quae
1534 2489 1696 2540 Smith
1746 2490 1795 2541 in
1835 2490 1914 2542 Fl.
1956 2490 2066 2548 brit.

208 2595 265 2644 de
306 2594 402 2644 hac
441 2593 610 2659 specie
652 2591 855 2652 scribit,
917 2591 1032 2640 licet
1089 2589 1310 2641 definitio
1351 2589 1594 2654 Linnaei,
1657 2589 1737 2656 qui
1789 2589 1909 2641 folia
1950 2592 2068 2642 sub-

209 2703 490 2745 tomentosa
525 2693 643 2742 dicit
675 2692 942 2757 discrepat.
998 2690 1163 2742 Radix
1191 2691 1442 2756 perennis.
1497 2690 1682 2741 Caules
1721 2691 2069 2754 ascendenteS‚

209 2777 472 2861 digitales,
523 2793 869 2858 palmaresve,
913 2801 1052 2856 parte
1094 2793 1447 2853 decumbente,
1489 2798 1824 2856 perennante‚
1866 2790 2071 2857 ramosi,

208 2896 473 2957 herbacei,
533 2892 922 2958 simplicissimi,
985 2892 1097 2956 pilis
1153 2892 1436 2957 patentibus
1500 2892 1734 2943 brevibus
1785 2901 1864 2943 sat
1917 2894 2069 2943 dense

211 2995 386 3059 obsiti,
424 2996 474 3045 in
514 2994 664 3046 siccis
704 2994 1061 3059 speciminibus
1101 2993 1694 3059 subsulcato-angulati.
1808 2993 1953 3044 Folia
1990 2994 2071 3043 in-

213 3095 452 3147 ternodiis
512 3094 723 3145 caulinis
784 3094 1042 3157 breviora,
1112 3103 1287 3156 ovata,
1353 3095 1495 3160 apice
1556 3092 1864 3159 prominente
1924 3093 2069 3142 obtu-

211 3198 464 3258 siuscnla,
503 3195 735 3246 obsoleto*
767 3211 1014 3256 nervosa,
1060 3194 1425 3245 scabriuscula.
1504 3193 1682 3243 Florcs
1726 3192 1925 3260 magni,
1967 3192 2072 3258 ple—

214 3314 418 3365 rumque
462 3297 587 3346 bini:
630 3294 908 3346 terminalis
951 3303 997 3344 et
1036 3293 1292 3353 lateralis3
1335 3294 1627 3360 pedunculis
1667 3293 1916 3361 aphylliS,
1958 3291 2071 3359 pilis

215 3401 554 3468 longiorifflm,
633 3416 779 3466 quam
820 3398 868 3447 in
921 3398 1056 3448 foliis
1098 3398 1508 3455 canescentibus,
1583 3397 1782 3449 laterali
1823 3395 2071 3463 longiore,
