2195 3657
1845 101 1927 158 63

97 266 243 300 cosos
281 252 642 301 adscendentes
681 265 891 312 superne
930 250 978 297 in
1007 251 1041 299 2
1068 250 1186 300 —3
1225 249 1443 298 ramulos
1482 251 1928 298 racemoso-llori-

93 349 227 398 feros
265 349 434 411 divisi,
476 348 690 398 maxima
735 354 872 410 parte
914 347 1158 412 aphyllos.
1234 347 1378 396 Folia
1421 347 1524 396 basi
1558 347 1797 410 profunde
1837 365 1923 395 ex-

95 444 226 504 cisa,
263 444 498 493 inferiora
537 442 730 492 laciniis
771 444 951 490 baseos
992 441 1152 506 magis
1192 442 1393 490 reflexis
1433 442 1794 504 subsagittata,
1835 458 1925 490 an-

94 543 188 597 tice
238 543 530 605 rotundata,
584 540 843 605 superiora
873 539 1089 605 'laciniis
1142 539 1239 589 illis
1288 540 1450 603 magis
1499 541 1784 590 divaricatis
1837 542 1928 589 ha-

95 649 253 703 stata,
312 642 573 706 quaepiam
614 643 774 691 amice
817 621 1061 704 oblonga,
1115 641 1277 689 omnia
1316 642 1523 701 obtusa,
1580 641 1838 704 quaepiam
1881 641 1926 688 in

92 740 341 789 nonnullis
402 739 761 805 speciminibus
820 739 1157 798 acutiuscula,
1226 739 1273 787 iu
1338 739 1646 800 longioribus
1703 739 1925 788 caulibus

92 841 383 904 quandoque
425 855 569 888 unum
629 839 901 888 alterumve
942 837 1542 886 lanceolam-hastatum.
1637 836 1839 886 Habitat
1879 837 1924 884 in

89 937 285 1001 alpibns
324 936 592 986 Plissivica
631 945 677 985 et
725 936 954 985 Velebich
996 951 1146 997 supra
1188 934 1376 984 Medak
1416 936 1463 983 in
1514 935 1729 984 saxosis.
1821 935 1924 983 Fo-

88 1035 167 1084 liis
219 1034 779 1100 triangulari-hastatis
832 1035 1122 1083 occurrebat
1171 1035 1231 1083 ad
1283 1032 1487 1082 Hradek
1538 1032 1586 1081 in
1640 1049 1790 1082 arena
1844 1034 1921 1080 ubi

89 1132 210 1183 Bela
251 1133 424 1182 miscet
465 1150 572 1182 cum
612 1132 771 1195 Vago.

293 1250 341 1295 y,
385 1255 444 1277 =
489 1229 563 1283 R.
601 1232 831 1296 glaucus
868 1230 1005 1294 Jacq.
1048 1247 1190 1293 quem
1228 1231 1277 1278 in
1316 1229 1430 1293 alpe
1472 1229 1690 1279 croatica
1731 1230 1917 1278 Debclo

90 1331 267 1392 Berdo,
306 1338 353 1380 et
389 1330 437 1380 in
477 1331 607 1379 valle
647 1329 911 1392 subalpina
953 1327 1338 1391 Szenszki-put
1378 1328 1587 1392 legimus
1626 1328 1755 1376 inter
1793 1346 1918 1378 saxa

89 1425 346 1486 calcarea5
406 1425 530 1475 folia
579 1425 839 1491 aequalia,
903 1426 1355 1474 cordato-hastata
1407 1424 1566 1474 anticc
1625 1428 1921 1474 rotundato-

88 1523 269 1587 glanca
305 1524 472 1574 habet.
580 1524 672 1575 Est
712 1525 858 1574 etiam
919 1540 1064 1573 unum
1117 1524 1387 1572 alterumve
1439 1523 1608 1573 folium
1662 1524 1924 1586 cauliuum,

89 1621 302 1687 oblongo
319 1651 344 1661 -
362 1623 631 1673 hastatum.

157 1748 275 1799 255.
312 1753 390 1797 R.
431 1751 712 1809 digynus.

232 1847 286 1896 ln
336 1847 448 1911 alpe
488 1846 699 1897 Arvensi
751 1845 984 1908 Rolnam,
1032 1846 1078 1894 in
1119 1844 1409 1910 Viilkgrund
1463 1846 1510 1894 in
1561 1863 1713 1896 arena
1764 1847 1923 1908 rivuli,

91 1948 180 1995 sub
222 1937 503 1995 catari-'acta
543 1945 637 2009 ipsi
677 1944 915 2009 legimus,
957 1945 1004 1993 iu
1033 1944 1143 1993 aliis
1179 1944 1373 2008 alpibus
1407 1942 1638 2006 Scepusii
1677 1944 1923 1993 Mauksch

97 2053 143 2092 et
184 2044 494 2107 Genersich‚
532 2044 581 2093 in
623 2042 813 2094 Krivan
856 2043 1001 2093 etiam
1045 2050 1136 2093 est.

162 2170 287 2220 256.
323 2174 401 2218 R.
442 2171 709 2227 alpinus.

228 2263 429 2313 Florum
480 2264 719 2328 genitalia
778 2263 1086 2328 inquirenda.
1182 2263 1237 2310 ln
1296 2262 1490 2325 alpibus
1553 2272 1598 2309 ct
1649 2262 1924 2326 subalpinis

100 2363 355 2426 Scepusii,
394 2362 687 2428 Liptoviae‚
726 2363 1063 2423 Marmatiae,
1118 2360 1421 2424 potissimum
1461 2360 1693 2425 frequens
1734 2362 1794 2409 ad
1834 2377 1927 2425 ga-

91 2479 177 2511 zas
230 2462 497 2526 opilionum
551 2471 598 2511 et
648 2460 727 2510 ubi
780 2463 1023 2526 quondam
1075 2458 1235 2510 ovium
1286 2460 1333 2509 in
1384 2458 1581 2524 alpibus
1622 2457 1926 2525 pascentium

93 2560 333 2611 stationes
368 2569 525 2611 erant.
599 2561 791 2610 Desunt
832 2558 1122 2626 specimina.

164 2702 286 2752 257.
324 2706 401 2750 R.
440 2705 727 2751 Aeetosa.

234 2800 287 2848 ln
328 2799 510 2864 pratis,
551 2798 751 2861 pascuis
792 2806 838 2846 et
881 2797 1162 2863 pinguibus·
1836 2855 1839 2857 μ

305 2896 352 2946 δ.
404 2894 526 2945 Cum
576 2896 669 2945 hac
718 2895 959 2945 varietate
1013 2894 1243 2944 convenit
1300 2908 1557 2958 synonym.
1621 2889 1813 2938 Halleri
1863 2889 1923 2938 ad

92 3002 381 3061 sequentem
407 2994 609 3044 citatum
636 2993 855 3044 scilicet:
893 2991 1208 3059 Lapathum
1245 2990 1480 3040 sexubus
1513 2989 1796 3044 distinctis,
1823 2987 1925 3052 fo-

96 3095 181 3142 liis
205 3093 483 3157 dige'tatae‘S,
524 3091 698 3141 hamis
736 3091 1094 3156 brevissimis,
1131 3100 1284 3139 recta
1312 3085 1736 3152 dz'vergentibus.
1785 3084 1919 3133 Hall.

98 3190 226 3241 helv.
263 3191 418 3243 1598.
514 3192 566 3240 ln
606 3190 804 3253 alpibus
841 3190 1127 3240 Marmaros
1167 3197 1214 3237 et
1253 3187 1481 3251 Scepusii
1523 3202 1564 3235 e.
1607 3202 1645 3234 c.
1689 3184 1734 3231 iu
1774 3180 1926 3233 Volk-

93 3290 250 3362 grund
292 3298 437 3353 atque
476 3289 522 3337 in
547 3287 953 3352 Liptoviensibus
993 3304 1033 3337 e.
1061 3304 1103 3339 c.
1145 3287 1192 3335 in
1234 3286 1362 3336 valle
1388 3284 1557 3348 alpina
1596 3263 1685 3332 sub
1717 3277 1922 3328 Krivan.
