2195 3657
1870 126 1984 186 151

150 273 370 322 nodosos
409 272 675 336 erigentes.
743 270 889 320 Folia
927 274 1249 334 subrotunda,
1289 275 1611 324 obtusissima
1650 277 1988 341 emarginata-

151 387 285 435 que,
344 386 560 432 venosa,
622 370 805 430 nitida,
863 379 1075 421 serrata.
1150 372 1326 422 Petioli
1385 373 1491 422 basi
1535 374 1737 426 barbati.
1812 375 1989 426 Flores

148 471 375 520 videntur
414 469 702 518 terminales
743 471 966 533 congesti
1011 487 1140 521 esse.
1213 473 1271 521 In
1309 490 1497 522 summo
1530 471 1750 537 Carpato
1790 475 1987 535 lectum.

217 576 342 627 711.
379 580 890 624 Rhododenelron
925 580 1378 638 ferrugineum.

285 674 448 738 Prope
487 674 647 723 nivem
691 683 980 738 perpetuam
1028 677 1075 726 in
1114 677 1352 739 Petrosa‚
1405 687 1451 725 et
1494 679 1553 726 ad
1594 678 1770 728 Izvoru
1811 677 1988 727 Kailor

144 775 193 824 in
234 773 466 839 Trojaga
505 773 702 838 alpibus
743 774 1060 824 Marmatiae.

211 901 331 950 712.
369 904 604 959 Pyrola
641 902 1077 949 rotundifolia.

281 999 480 1062 Scapus
533 998 683 1063 hujus
736 998 926 1064 aliquot
976 999 1096 1048 folia
1146 999 1426 1049 lanceolata
1467 1001 1644 1050 obtusa
1684 1000 1837 1065 gerit,
1892 1018 1985 1064 qua

146 1107 267 1150 nota
307 1108 532 1171 prompte
573 1116 601 1149 a
642 1109 878 1165 sequente
921 1100 1230 1149 discernitur.
1317 1100 1461 1150 Folia
1503 1101 1724 1151 obsolete
1764 1102 1984 1150 denticu-

141 1198 267 1251 lata
301 1202 416 1268 (nee
475 1207 526 1248 nt
567 1199 727 1249 Smith
785 1200 926 1261 dicit,
987 1201 1209 1249 obsolete
1269 1206 1509 1266 serrata).
1596 1203 1647 1250 ln·
1690 1202 1898 1250 dumetis
1939 1210 1984 1249 et

140 1297 282 1348 silvis
324 1297 558 1363 Seepusii
599 1307 646 1347 et
685 1298 968 1363 Liptoviae.

207 1410 332 1462 713.
372 1417 440 1461 P.
481 1415 702 1462 minor.

285 1509 485 1574 Scapns
546 1520 628 1559 aut
690 1511 950 1576 aphyllus,
1019 1521 1099 1560 ant
1166 1529 1307 1560 unum
1368 1511 1587 1560 foliolum
1648 1511 1835 1560 lineare
1896 1513 1983 1561 ad-

139 1617 363 1659 nectens.
475 1610 622 1659 Folia
663 1621 863 1659 arenata
908 1628 1014 1659 cnm
1059 1612 1304 1660 denticulo
1356 1611 1644 1676 interjecto,
1705 1630 1733 1662 a
1773 1611 1984 1676 singulis

135 1709 274 1758 venis
314 1722 642 1772 excurrente,
680 1727 771 1760 neo
812 1712 1048 1772 rotunda,
1091 1728 1217 1759 nunc
1261 1720 1309 1760 ut
1350 1711 1396 1760 in
1438 1711 1631 1776 priore,
1681 1712 1742 1761 ad
1783 1721 1980 1760 ovatam

136 1808 346 1875 figuram
385 1796 436 1859 ‘et
478 1811 667 1874 quidem
712 1811 759 1859 in
801 1811 893 1859 hae
936 1810 1096 1874 magis
1152 1811 1467 1874 acvodentia,
1522 1814 1811 1876 quandoque
1864 1828 1982 1861 acu-

135 1908 376 1971 tiuscula,
437 1920 482 1958 et
524 1911 631 1960 basi
675 1910 895 1959 nonnihil
938 1910 985 1959 in
1027 1910 1260 1973 petiolum
1304 1920 1572 1973 protracta.
1660 1911 1711 1959 ln
1753 1912 1979 1960 Sanwin-

133 2009 217 2058 kel
257 2009 367 2059 loco
408 2011 502 2059 udo
528 2010 777 2075 umbroso,
820 2010 864 2059 in
896 2011 1137 2074 Seepnsio
1179 2012 1238 2060 ad
1281 2010 1503 2060 aoitlnlas
1535 2010 1892 2070 Szalokenses,
1930 2011 1978 2059 in

132 2108 382 2174 Liptovia.

203 2221 323 2272 714.
363 2228 429 2271 Ρ.
471 2228 760 2272 secunda..

274 2321 449 2371 Variat
489 2320 623 2369 foliis
665 2320 855 2370 obtusis
909 2330 955 2369 et
1007 2321 1189 2382 acutis,
1250 2323 1484 2373 erenatis.
1580 2323 1632 2371 ln
1682 2322 1823 2371 silvis
1862 2323 1978 2372 sub-

130 2418 314 2484 alpinis
356 2420 620 2485 Scepusii‚
660 2420 955 2485 Liptoviae,
1013 2423 1203 2478 Arvae,
1246 2421 1295 2471 in
1336 2432 1497 2471 monte
1540 2422 1667 2472 Care
1707 2423 1766 2470 ad
1798 2422 1976 2471 limites

131 2513 307 2564 Cottus
348 2514 587 2564 Arvensis
631 2526 677 2564 et
719 2515 1109 2578 Thurociensis,
1173 2517 1218 2566 in
1259 2518 1478 2579 Krivan,
1541 2518 1588 2566 in
1628 2518 1754 2567 silva
1796 2518 1975 2567 montis

128 2611 396 2676 Domuglet
437 2613 497 2661 ad
542 2612 762 2662 thermas
802 2611 1063 2676 Herculis,
1123 2614 1172 2662 in
1226 2614 1339 2679 alpe
1381 2615 1555 2680 Szilzig
1603 2616 1834 2664 montium
1880 2614 1974 2663 Ve-

127 2709 307 2760 lebieh.
1916 2712 1919 2713 ⁷

198 2824 322 2877 715.
361 2830 427 2873 P.
462 2831 821 2876 umneuata..
1753 2889 1755 2892 .

270 2920 325 2969 In
380 2930 541 2969 monte
585 2921 713 2972 Care
755 2924 815 2973 ad
872 2923 1056 2974 limites
1097 2925 1274 2976 Cottns
1314 2926 1553 2978 Arvensis
1593 2938 1639 2977 et
1663 2928 1974 2978 Thurooien-

126 3020 212 3069 sis.
289 3017 330 3067 E
373 3019 618 3085 Seepnsio
659 3023 794 3071 misit
837 3023 1116 3074 Genersieh
1157 3028 1245 3075 sul]
1287 3027 1480 3076 nomine
1508 3027 1968 3095 Arbvaetialpinae.

195 3146 316 3198 716.
357 3153 424 3196 Ρ.
461 3152 753 3200 uniflora.

264 3246 338 3296 Ad
378 3247 574 3297 radices
615 3249 722 3299 Pini
765 3250 813 3300 in
855 3251 993 3301 Valle
1039 3252 1306 3311 Viilkensi,
1345 3257 1405 3306 ad
1447 3255 1583 3305 lacus
1622 3253 1964 3315 Plitvioenses,

123 3344 326 3397 Jadrina
376 3346 598 3414 Polyana
652 3349 766 3401 aliis
816 3352 1065 3401 montibus
1106 3352 1376 3415 Velebich,
1439 3357 1483 3402 in
1536 3353 1743 3402 vallibus
1792 3352 1963 3404 Gottns
