2195 3657
262 260 574 326 marginibus
611 259 810 308 inflexis
861 256 1146 318 virescens,
1204 255 1482 319 ibidemque
1542 250 1915 312 scabriuscula,
1972 247 2114 312 apice

266 359 432 409 bifida.
509 358 604 407 Fil.
646 355 940 422 capillaria,
992 356 1138 414 alha3
1192 354 1432 404 antherae
1475 353 1723 414 lineares,
1777 351 2002 414 utrinque
2042 347 2119 396 bi-

264 459 422 520 fidae,
485 458 667 522 pallide
724 457 901 507 flavae.
1013 457 1228 505 Germen
1287 455 1588 516 climatum,
1658 450 1798 515 apice
1862 449 2120 508 villosum3

271 559 509 625 stigmata
550 558 776 623 plumosa
817 556 949 607 alba.
999 555 1203 605 Semina
1244 591 1253 600 .
1297 591 1308 603 .
1352 590 1363 602 .
1404 590 1416 603 .
1495 553 1683 602 Dentes
1724 551 1936 601 racheos
1965 549 2121 598 utrin-

266 675 357 724 que
398 658 613 722 stipatae
654 656 896 706 sasciculo
938 655 1160 718 pilorum.
1191 654 1444 715 alborum,
1484 653 1779 715 nitidornm,
1819 650 2119 713 breviorum,

269 774 410 822 quam
454 758 502 805 in
540 756 608 806 A.
644 758 899 822 pratensi
935 763 982 802 et
1019 753 1345 820 pubescenti.
1396 752 1465 806 A.
1503 754 1754 819 pratensi
1794 750 2010 801 maxime
2052 749 2121 800 si-

268 857 399 906 milis
439 865 543 915 est3
605 859 690 905 sed
742 854 905 903 differt
945 853 1180 904 scabritie
1234 853 1535 914 culmorum,
1594 851 1916 916 vaginarum,
1974 849 2123 899 folio-

270 973 406 1018 rum,
448 957 688 1020 racheos,
726 971 1005 1016 ramorum,
1058 954 1573 1019 pedunculorumqne:
1623 952 1829 1017 spiculis
1870 951 2124 1001 octofloris

270 1066 365 1104 etc.
441 1055 647 1105 Habitat
687 1055 735 1103 in
774 1054 1078 1119 graminosis
1119 1054 1302 1118 alpinis
1343 1062 1388 1102 et
1430 1052 1709 1117 subalpinis
1749 1051 2031 1115 Liptoviae.

410 1157 540 1206 Fors
581 1164 767 1207 tantuin
808 1158 1029 1208 varietas
1068 1156 1138 1207 A.
1176 1158 1471 1222 pratensis.

358 1258 443 1308 20.
483 1263 553 1306 A.
594 1260 837 1308 ciliaris
878 1257 1014 1308 mihi.

411 1355 555 1403 Nova
595 1354 808 1419 species,
850 1354 996 1403 etiam
1039 1353 1381 1404 consentiente
1405 1351 1794 1402 Willdenow
1834 1349 1910 1400 cui
1951 1350 2040 1400 snb
2068 1350 2130 1399 X.

278 1455 362 1503 25.
401 1454 574 1504 missa.

343 1555 428 1605 21.
468 1561 538 1603 A.
578 1557 788 1613 pilosa
824 1554 960 1602 mihi.

414 1654 510 1703 Pro
570 1671 699 1704 nova
758 1655 908 1705 etiam
948 1658 1179 1720 agnoscit
1220 1653 1635 1717 Willdenow‚
1695 1652 1774 1702 cui
1836 1652 1992 1702 missa
2040 1654 2131 1701 sul)

273 1754 335 1803 X.
376 1756 460 1805 24.

413 1850 552 1900 Haec
595 1851 787 1899 videtur
827 1867 938 1900 esse
981 1854 1184 1912 eadem,
1225 1867 1369 1915 quain
1413 1849 1855 1913 Wahlenberg
1894 1847 1942 1896 in
1968 1846 2135 1897 Klak-

274 1949 398 2012 berg
437 1948 588 2012 (inter
628 1948 827 1998 Cottum
865 1948 1088 1998 Thnroc.
1114 1986 1128 2009 ,
1171 1956 1217 1997 et
1257 1948 1487 2015 Liptcv.)
1528 1947 1742 2012 reperit,
1784 1963 2030 2013 quaerens
2070 1963 2134 1997 an

273 2045 344 2095 A.
386 2048 598 2096 cilz'are‘s
638 2064 747 2097 mea
763 2048 786 2096 ⁴?

360 2162 443 2210 22.
484 2168 618 2211 Poa
653 2166 839 2212 firma
879 2178 924 2211 v.
951 2166 1179 2212 nutans
1219 2162 1368 2224 mihi,
1406 2164 1704 2212 miliacea
1743 2162 1889 2226 mihi,
1927 2166 2137 2213 effusa

274 2260 408 2309 mihi.

414 2341 581 2409 Radiik
623 2359 883 2424 perennis,
932 2359 1137 2411 fibrosa.
1216 2361 1374 2411 Culmi
1422 2362 1588 2426 plures
1631 2378 1693 2409 ex
1734 2364 1905 2412 eadem
1946 2362 2135 2426 radice,

277 2456 497 2522 plerique
559 2457 806 2523 geniculis
846 2457 1166 2509 inferioribus
1207 2460 1438 2510 infractis
1491 2461 1883 2524 adscendentes,
1945 2462 2135 2512 culmos

272 2555 510 2606 laterales
539 2558 769 2620 edentes,
811 2565 1025 2621 teretes,
1066 2560 1246 2621 striati,
1286 2560 1475 2624 laeves,
1512 2561 1757 2626 geniculis
1785 2562 1948 2612 5—6
1978 2562 2134 2612 inter-

274 2657 433 2721 cepti,
494 2657 878 2722 subtripedales.
996 2660 1137 2709 Folia
1192 2661 1432 2724 linearia,
1490 2661 1588 2712 illis
1640 2660 1789 2712 Poae
1838 2665 2134 2713 nentoralz's

273 2756 420 2819 duplo
462 2758 673 2820 latiora,
728 2761 1040 2823 acuminata,
1082 2760 1341 2826 utrinque,
1399 2763 1692 2826 praesertim
1735 2762 2045 2829 marginibus
2087 2772 2135 2813 et

271 2857 414 2918 apice
488 2858 863 2922 scabriuscula,
939 2877 1115 2911 versus
1189 2861 1332 2911 basin
1393 2870 1557 2913 autem
1609 2863 1790 2914 laevia.
1904 2864 2132 2929 Vaginae

273 2957 511 3020 striatae,
569 2959 775 3017 laeves,
836 2968 1022 3011 teretes
1074 2979 1184 3011 cum
1236 2964 1423 3027 angulo
1466 2964 1692 3015 carinali.
1787 2963 1974 3030 Ligula
2014 2965 2132 3016 alba

273 3066 505 3121 exserta,
544 3061 823 3126 subovata‚
858 3063 1203 3126 acutiuscula,
1249 3064 1410 3114 rarius
1453 3067 1648 3114 obtusa.
1725 3065 1969 3115 Panicula
2009 3067 2129 3116 sub-

273 3158 618 3222 spithamaea,
659 3162 1025 3225 patentissima,
1065 3165 1218 3214 ramis
1253 3164 1607 3231 pedicellisque
1636 3166 1944 3229 divaricatis,
1986 3166 2128 3233 apice

273 3275 487 3322 cernua,
526 3270 774 3312 caeterum
817 3271 1003 3314 erecta.
1067 3264 1258 3315 Rachis
1299 3273 1449 3324 teres,
1492 3266 1730 3316 inferiore
1772 3275 1913 3331 parte
1953 3267 2130 3330 laevis,

274 3359 532 3424 superiore
561 3361 924 3427 scabriuscula,
965 3381 1155 3416 summa
1189 3366 1495 3432 ramulisque
1525 3366 1893 3430 subaugulatiS‚
1931 3367 2128 3419 flexuo-
