2195 3657
207 118 336 180 28ss

207 271 408 336 petiolis
457 270 680 332 villosis,
739 269 1015 331 aculeatis,
1077 269 1269 320 aculeis
1320 269 1563 320 recurvis,
1659 270 1888 336 Stipulae
1940 285 2064 320 acu-

208 373 452 431 minatae,
511 368 1124 434 glanduloso-serratae,
1194 370 1369 419 subtus
1429 368 1670 431 villosae,
1742 387 1893 435 supra
1953 370 2065 434 gla-

208 469 512 520 briusculae.
604 467 784 516 Flores
822 468 978 530 terni,
1020 469 1274 533 quaterni,
1326 467 1619 532 pedunculis
1659 468 2066 535 germinibusque

207 569 428 635 glabris,
466 566 720 630 laevibus,
774 568 952 618 ovatis.
1033 567 1236 633 Calycis
1277 578 1539 634 segmenta
1578 567 1895 633 lanceolata,
1949 570 2065 620 bina

207 686 380 719 eorum
417 668 530 718 binc
569 676 655 718 aut
696 667 925 733 utrinque
965 668 1156 718 foliolis
1198 668 1388 734 aliquot
1429 679 1609 731 aucta,
1679 678 1826 721 extus
1867 670 2064 736 glabra,

204 772 338 821 intus
387 769 571 820 laevia.
649 768 828 819 Petala
868 771 1172 832 obcordata,
1224 770 1392 820 rubra.
1478 767 1685 820 Habitat
1735 772 1796 820 ad
1847 770 2067 820 Koreai:-

205 888 332 921 ram.
410 869 628 920 Diversa
679 869 836 936 igitur
886 887 915 920 a
954 867 1025 920 R.
1067 875 1268 919 canina
1311 869 1445 920 foliis
1486 869 1707 933 villosis,
1777 887 1806 921 a
1844 867 1916 919 R.
1957 872 2067 921 col·-

203 972 320 1021 lina
361 970 657 1036 pedunculis
697 970 909 1034 glabris,
950 970 1247 1036 petiolisque
1288 971 1652 1037 eglandulosis.
1743 971 1877 1022 Pone
1915 972 2067 1023 Amal

205 1074 254 1122 in
297 1080 462 1122 moute
506 1072 712 1121 eandem
754 1072 918 1136 reperi
958 1072 1159 1138 petiolis
1202 1071 1454 1138 plerisque
1487 1070 1776 1122 inermibus.

278 1173 433 1225 1210.
472 1177 549 1222 Β.
590 1174 839 1222 collina.

347 1273 536 1323 Versus
578 1272 816 1323 Kovacsi.
891 1277 941 1339 β.
984 1273 1212 1338 germina
1253 1273 1420 1323 omnia
1459 1272 1689 1338 bispida3
1725 1273 1922 1326 ibidem.

280 1374 435 1424 1211.
474 1377 550 1422 R.
590 1388 837 1432 repens.

349 1475 406 1524 In
447 1473 589 1523 silvis
631 1481 677 1521 et
716 1471 964 1522 fruticetis
1005 1471 1184 1523 Cottus
1226 1471 1529 1536 Tolneusis,
1569 1474 1931 1540 Baranyensis,
1970 1474 2069 1523 Ba-

204 1584 381 1638 natns,
440 1573 715 1624 Slavouiae
760 1582 806 1621 et
848 1572 1086 1623 croatiae
1128 1590 1168 1621 e.
1212 1591 1253 1622 c.
1305 1575 1365 1623 ad
1407 1573 1741 1636 Korenicam3
1810 1574 1858 1625 in
1897 1574 2068 1627 Matre

207 1692 360 1741 prope
401 1674 641 1738 parietem
686 1673 915 1722 basaltic.

276 1776 432 1827 1212.
471 1780 548 1823 R.
576 1771 922 1834 'carpatica
962 1774 1038 1823 vel
1081 1777 1424 1833 petiolaris
1468 1774 1601 1824 mihi.

349 1877 388 1925 A
430 1874 684 1925 Mauksch
728 1873 833 1923 sino
876 1874 1082 1924 floribus
1134 1873 1320 1938 missa,
1383 1877 1443 1923 ab
1496 1875 1724 1924 ciuilibus
1778 1874 1896 1924 mibi
1938 1875 2068 1925 notis

205 1976 404 2026 diversa
446 1975 656 2025 videtur.
763 1974 1036 2036 Rammius,
1097 1991 1238 2039 quem
1295 1974 1528 2039 possideo
1581 1974 1783 2024 exhibet
1832 1975 2067 2026 corticem

205 2078 416 2127 obscure
470 2077 769 2147 rubentem,
826 2075 1085 2140 glabrum,
1157 2076 1375 2138 laevem,
1447 2076 1813 2138 subinermem,
1878 2085 2066 2126 tantum

205 2195 420 2245 superne
496 2177 623 2226 iuter
695 2176 844 2239 folia,
921 2177 1125 2227 aculeos
1191 2177 1379 2243 aliquot
1445 2186 1611 2227 rectos
1673 2178 2072 2244 patentissimos,

204 2280 466 2330 subulatos
507 2278 841 2326 exhibentem.
932 2277 1077 2328 Folia
1121 2278 1421 2344 quadrijuga
1474 2296 1581 2328 cum
1624 2279 1828 2342 impari:
1883 2278 2069 2329 foliolis

203 2380 489 2432 distinctius
541 2396 685 2446 quam
726 2380 773 2428 iu
817 2379 1045 2430 omnibus
1087 2379 1300 2444 cognitis
1344 2379 1628 2444 petiolatis,
1671 2381 2068 2446 oblongo-ova-

205 2481 293 2544 tis,
352 2480 544 2545 acutis,
603 2478 1151 2543 duplicato-serratis,
1222 2479 1450 2544 margine
1504 2479 1848 2544 glandulosis,
1914 2483 2069 2545 supra

202 2580 425 2648 glabris,
484 2581 662 2630 subtus
704 2580 1124 2644 pubescentibus,
1173 2596 1326 2629 uervo
1384 2580 1542 2630 medio
1595 2581 1809 2647 hispidis
1850 2583 2068 2633 subacu-

204 2680 452 2746 leatisque
478 2718 491 2742 ‚
531 2679 654 2730 sctis
695 2679 1079 2744 glandulil'eris,
1141 2678 1431 2745 aculeisque
1477 2679 1644 2745 parvis
1685 2698 1771 2730 seu
1816 2682 2068 2732 brevibus.

205 2779 384 2829 Petioli
427 2778 594 2828 itidem
634 2779 819 2843 hispidi
861 2779 985 2828 sctis
1026 2777 1406 2844 glanduliferis,
1447 2786 1494 2827 et
1536 2779 1894 2830 subaculeatis.
1972 2778 2067 2828 Pe-

205 2878 363 2929 tioluli
408 2878 597 2943 pariter
638 2878 849 2943 undique
889 2886 935 2926 et
975 2877 1193 2941 stipulae
1234 2878 1461 2943 margine
1497 2878 1620 2929 setis
1661 2878 1895 2930 brevibus
1920 2879 2069 2946 glan-

205 2975 432 3025 duliferis
473 2974 685 3025 obsitae.
761 2975 967 3025 Habitat
1004 2974 1054 3025 in
1090 2975 1217 3026 colle
1258 2976 1525 3042 subalpino
1567 2977 1815 3043 Scepusii.

279 3083 432 3135 1213.
472 3090 692 3134 Bubus
732 3089 983 3137 Idaeus.

348 3180 405 3230 ln
445 3179 585 3230 silvis
624 3181 877 3232 montanis
918 3199 1074 3248 usque
1119 3183 1171 3233 in
1210 3184 1367 3250 alpes.

281 3279 434 3332 1214.
473 3285 993 3333 R0‘tomentosus.

350 3379 449 3430 Sed
493 3381 614 3432 rami
657 3383 936 3448 pubescunt
964 3391 1012 3434 et
1040 3400 1216 3434 versus
1247 3382 1512 3449 superiora
1550 3386 1840 3438 successive
1881 3387 2065 3449 villosi,
