2195 3657
281 92 358 156 16

278 248 645 311 nigricantem
681 240 948 293 nominavi.
1063 239 1267 290 Culmus
1321 238 1556 288 inferiore
1611 243 1751 302 parte
1790 243 1934 287 acute
1977 230 2132 286 trian-

279 346 456 413 guluS,
495 345 731 406 villosus,
772 343 900 392 inter
928 341 1096 406 spicas
1141 340 1289 391 soem.
1319 338 1583 405 superiora
1612 353 1789 389 versus
1821 337 2132 398 calvescenS,

277 462 513 512 suprema
553 451 693 510 parte
736 445 825 492 sub
889 440 1030 506 spica
1069 440 1295 491 mascula
1336 441 1641 505 pubescens,
1700 438 1876 487 obtuse
1916 435 2134 486 striato-

275 546 560 612 angnlatus.
675 542 898 609 Vaginae
953 541 1189 606 glabrae,
1257 540 1590 601 substriatae,
1665 538 1852 588 inferne
1906 536 2129 602 margine

273 645 652 694 membranaceo
712 640 760 689 in
818 639 922 688 folii
982 639 1214 703 paginam
1277 638 1587 704 superiorem
1647 644 2002 698 excurrentes,
2071 650 2130 685 ac

272 744 403 793 velut
444 743 491 792 in
531 742 739 807 ligulam
779 741 1208 790 membranaceam
1251 740 1488 789 adnatam
1530 714 1867 789 continuatae.
1903 764 1907 768 ·
1981 734 2129 786 Folia

271 843 541 910 rugulosa,
592 842 797 905 striata,
851 842 1058 906 glabra,
1109 839 1309 901 ciliata,
1362 839 1475 904 pilis
1515 838 1835 889 inferioribus
1870 836 2131 903 'longiori-

273 946 378 994 bus.
492 943 759 992 Pedum-uli
812 942 1064 1006 spicarum
1120 941 1267 990 soem.
1324 940 1513 1003 striati,
1566 940 1761 1002 villosi,
1814 939 1964 990 etiam
2001 938 2131 988 inter

271 1043 506 1094 flosculos
547 1051 781 1092 remotos.
859 1041 1042 1107 Spirae
1086 1041 1231 1090 foem.
1274 1039 1415 1104 apice
1457 1056 1611 1104 saepe
1654 1040 1937 1102 masculae,
1979 1054 2131 1104 squa-

273 1162 380 1197 mae
440 1144 664 1211 margine
726 1145 1104 1193 membranaceo
1169 1141 1494 1206 pedunculum
1568 1157 1675 1190 cum
1736 1141 1960 1206 germine
2023 1156 2130 1190 am—

271 1247 581 1312 plectuntur,
624 1254 830 1301 acutae,
874 1244 1114 1309 glabrae,
1156 1244 1353 1304 laeves,
1395 1241 1678 1304 carinatae,
1739 1244 1887 1293 dorso
1927 1241 2130 1292 virides.

274 1346 527 1413 Capsulae
569 1346 801 1408 striatae‚
842 1345 1041 1408 laeves,
1092 1345 1329 1409 glabrae,
1388 1343 1529 1409 apice
1572 1343 1779 1409 basique
1819 1350 2130 1406 attenuatae,

271 1448 618 1500 subincurvae.
696 1447 825 1512 Styli
866 1456 984 1498 treS.

358 1551 443 1601 65.
484 1553 546 1600 (Ἰ.
587 1551 905 1609 prolifera
947 1547 1021 1596 vel
1068 1551 1397 1605 paradoxa
1435 1545 1509 1596 vel
1563 1550 1940 1607 conglobata
1991 1544 2129 1608 mihi,

274 1667 338 1700 an
377 1645 601 1699 nitida?

415 1746 582 1797 Radix
624 1763 832 1811 repens,
884 1744 1082 1809 vaginis
1135 1743 1288 1793 fuscis
1343 1748 1533 1793 denium
1586 1744 1631 1792 in
1672 1743 1826 1794 fibras
1869 1744 2126 1795 resolven-

270 1850 346 1899 dis
387 1856 534 1910 tecta,
574 1846 829 1897 radiculas
871 1848 1081 1896 obscure
1124 1846 1311 1907 fuscas,
1355 1845 1627 1907 flexuosas,
1667 1861 1914 1908 ramosas,
1953 1845 2000 1894 in
2028 1844 2125 1895 fine

269 1950 451 2000 fibrose
494 1949 708 2009 divisas,
748 1946 982 2011 fibrisque
1024 1947 1233 1996 vestitas
1274 1946 1554 1997 detinueris.
1618 1944 1781 1995 Culmi
1822 1946 2124 2010 spitliamaei

269 2060 353 2102 aut
395 2051 542 2115 paulo
586 2048 791 2098 altiores
833 2049 942 2110 (sub
985 2047 1172 2096 initium
1215 2047 1619 2114 florescentiae),
1686 2047 1798 2097 dein
1840 2047 2127 2112 elongandi,

268 2152 635 2217 triangulares,
676 2149 918 2198 lateribus
960 2148 1363 2199 convexiusculis
1405 2148 1586 2211 striati,
1629 2149 1816 2210 laeves,
1856 2148 1986 2197 inter
2019 2148 2124 2212 spi·

269 2269 356 2303 cas
414 2251 614 2318 angulis
674 2248 1151 2311 aculeato—srabri,
1223 2251 1285 2299 ad
1338 2248 1401 2316 ls'4
1455 2249 1652 2314 vaginis
1706 2249 1938 2298 foliorum
1992 2249 2125 2300 tecti.

267 2352 414 2403 Folia
454 2368 791 2416 eongenerum
831 2367 986 2415 supra
1027 2349 1383 2412 canaliculata,
1424 2352 1599 2400 subtus
1641 2351 1887 2414 carinata,
1928 2349 2126 2412 striata,

268 2454 482 2504 culmum
523 2451 916 2517 subaeqnantia,
977 2450 1087 2499 dein
1139 2451 1233 2500 hoc
1288 2458 1614 2500 excrescente
1658 2452 1918 2515 breviora,
1975 2452 2127 2512 nuda,

266 2554 447 2619 nitida,
489 2555 685 2620 glabra.
765 2551 988 2617 Vaginae
1030 2552 1389 2616 triangulares,
1428 2553 1667 2615 striatae,
1707 2553 1819 2602 sinn
1860 2553 2123 2602 rotundato

264 2658 317 2723 in
353 2657 525 2707 folium
571 2655 881 2704 terminatae.
960 2652 1141 2718 Spicae
1184 2670 1307 2702 sexu
1351 2652 1643 2714 distinctae,
1695 2654 1922 2704 mascula
1976 2652 2125 2704 unica

268 2757 573 2819 terminalis,
614 2756 859 2820 oblonga,
900 2770 1114 2818 superne
1156 2753 1376 2803 nonnihil
1419 2755 1657 2819 crassior,
1697 2764 1811 2806 ante
1854 2755 2125 2806 florescen—

267 2859 385 2910 tiam
426 2861 601 2908 obtuse
645 2855 997 2921 triangularis,
1038 2865 1214 2906 acuta:
1256 2855 1533 2907 foemineae
1573 2865 1701 2918 tres,
1746 2863 1995 2906 remotae:
2036 2872 2122 2906 su-

266 2977 438 3026 prema
478 2959 731 3010 masculae
773 2956 1156 3023 approximata,
1196 2957 1386 3020 minor,
1436 2957 1728 3008 brevissime
1768 2956 2125 3022 pednneulata,

265 3062 535 3122 subovata‚
587 3059 771 3123 vagina
811 3060 1195 3107 membranacea
1247 3057 1466 3123 oblonga
1520 3068 1844 3119 mucronata,
1896 3056 2123 3122 margine

264 3160 461 3225 albida,
499 3161 645 3209 dorso
688 3157 1131 3208 aculeato-scabro
1175 3157 1346 3219 viridi,
1391 3174 1543 3223 penes
1582 3158 1679 3207 hoc
1706 3156 1929 3223 utrinqne
1962 3156 2125 3219 fusca,

265 3278 481 3327 superne
523 3263 583 3311 ad
627 3260 756 3310 latus
798 3258 1050 3308 mucronis
1091 3258 1321 3323 utrinque
1353 3260 1530 3309 obtusa
1558 3276 1644 3309 seu
1675 3259 1959 3321 rotundata,
1997 3275 2124 3307 non-

267 3356 517 3427 nunquam
574 3363 808 3411 mucrone
865 3358 1134 3421 destituta,
1203 3361 1262 3409 ad
1317 3359 1561 3425 originem
1615 3361 1876 3423 pedunculi
1937 3358 2118 3410 cincta.
