2195 3657
1797 99 1879 160 77

103 253 226 303 322.
267 257 337 299 A.
378 253 619 299 Ootula.

175 352 246 399 Ad
289 350 395 399 vias
435 366 700 414 agrorum,
739 365 975 398 versuras
1017 359 1063 397 et
1105 350 1386 412 inarglllPS‚
1426 350 1470 398 in
1501 349 1721 410 Oroatia,
1763 349 1880 398 Sla-

35 450 217 510 vouIa,
255 448 513 511 Hungaria
556 464 598 495 e.
639 465 680 494 c.
723 449 782 495 ad
827 447 1076 510 (inspic-li,
1134 449 1180 496 iu
1223 447 1368 497 Cotta
1410 449 1611 497 Albensi
1655 457 1700 496 et
1741 449 1880 496 Mar-

38 545 354 593 marosiensi.

108 643 231 694 323.
269 648 339 691 A.
379 645 700 690 tinctoria-

178 741 234 789 In
284 740 588 805 graminosis
642 739 820 801 siccis,
886 740 1196 804 potissimum
1250 740 1375 788 inter
1414 751 1460 789 ot
1500 759 1651 806 supra
1693 730 1882 805 vineas,

39 838 87 885 in
127 854 193 889 m.
235 835 414 885 Cobor.

113 934 236 984 324.
274 937 564 982 Achillea
599 937 911 992 lingulata
949 933 1021 982 Pl.
1067 952 1164 985 rar.
1204 935 1371 1000 Hung.
1407 936 1441 984 l.
1485 946 1516 987 t.
1541 939 1590 986 2.

114 1031 237 1082 325.
277 1036 347 1079 A.
387 1033 724 1079 Ptarnliea.

184 1128 356 1178 Caulis
385 1136 545 1190 teres,
585 1130 820 1190 striatas,
861 1130 1094 1190 strictus,
1135 1147 1163 1179 a
1189 1130 1524 1195 sesquipndali
1561 1135 1621 1180 ad
1662 1133 1884 1198 tripeda-

46 1227 140 1275 lem
169 1227 495 1277 altitudinem.
548 1227 694 1276 Folia
719 1228 919 1291 saepius
947 1229 1486 1293 lineari-lanceolata‚
1527 1250 1650 1296 quae
1690 1235 1885 1283 variant

47 1324 288 1386 linearia,
340 1325 505 1389 qualia
546 1326 844 1374 Willdenow
883 1327 930 1375 in
971 1326 1254 1375 definitione
1295 1330 1458 1391 ponit:
1512 1331 1737 1380 dontibus
1779 1350 1887 1381 ser-

48 1425 244 1474 rulatis.
317 1423 593 1489 Corymbus
634 1426 745 1488 plus
798 1425 958 1474 minus
1010 1428 1192 1475 densus
1251 1438 1296 1475 ot
1337 1429 1483 1478 latus.
1561 1429 1730 1480 Caulis
1769 1449 1887 1495 pars

51 1520 280 1583 Superior
318 1521 569 1586 foliaque..
590 1522 851 1584 superiora
905 1526 1205 1587 pubescunt,
1265 1525 1378 1579 huic
1418 1525 1635 1574 definitio
1679 1526 1891 1577 Willde-

50 1636 161 1667 now
200 1619 341 1669 fallit.
431 1621 635 1670 Habitat
694 1623 740 1670 in
793 1625 1092 1685 graminosis
1144 1625 1386 1673 silvaticis
1439 1625 1576 1676 Com.
1626 1626 1890 1678 Szathma-

54 1719 231 1770 rieusis
273 1736 447 1769 versus
475 1721 705 1770 Szi'ufalsi
745 1732 791 1769 et
830 1721 1078 1771 officinam
1116 1722 1370 1772 vitrariam
1395 1722 1637 1772 Comitum
1662 1724 1892 1790 Karolyi,

51 1819 101 1866 iu
141 1817 269 1867 silva
309 1820 595 1883 Zagrabiae
638 1820 829 1882 vicina,
884 1821 1131 1870 inm-entius
1172 1822 1408 1871 Maximis
1450 1823 1605 1882 dicta3
1655 1823 1701 1871 in
1744 1824 1889 1873 Cotta

52 1916 381 1980 Bereghieusi
420 1917 549 1965 inter
588 1918 743 1967 silvas
796 1928 1057 1968 montanas
1098 1920 1145 1967 in
1190 1920 1346 1982 pratis
1385 1921 1432 1969 in
1472 1921 1728 1972 Slavdnia.
1840 1924 1891 1971 ln

53 2014 209 2078 pratis
245 2016 458 2065 humidis
499 2017 740 2067 silvaticis
782 2018 1018 2067 montium
1056 2019 1422 2069 Avasiensiuin.
1497 2020 1576 2072 Fl.
1617 2021 1764 2069 Julio.

122 2113 243 2163 326.
284 2120 353 2162 A.
394 2119 765 2165 clavennae.

194 2211 251 2260 In
282 2213 488 2276 rupibus
529 2215 776 2264 ealcareis
815 2216 1001 2278 alpium
1042 2215 1309 2265 Croatiae:
1370 2217 1667 2269 Plissivicz'a
1707 2228 1753 2269 et
1796 2220 1893 2272 Ve-

53 2310 236 2360 lebich.
311 2312 448 2360 Flor.
490 2313 618 2362 Julio
661 2321 707 2362 et
746 2313 990 2378 Augusto.

127 2408 251 2460 327.
289 2415 359 2458 A.
400 2413 727 2468 pectinata
766 2410 932 2460 Willd.
976 2411 1061 2474 Sp.
1102 2411 1176 2462 Pl.
1203 2413 1289 2464 Ill.
1328 2413 1384 2464 P.
1409 2414 1477 2465 iii.
1517 2415 1672 2468 2797.

124 2505 246 2555 328.
286 2512 356 2555 A.
396 2511 793 2556 oehroleuca.
835 2507 908 2555 ΡΙ.
951 2526 1051 2557 rar.
1090 2508 1256 2573 Huug.
1297 2512 1336 2562 Ι.
1380 2520 1411 2560 t.
1437 2512 1522 2562 3³.

123 2600 244 2650 329.
281 2607 351 2648 A.
391 2604 827 2653 crithmifolia.
868 2603 938 2653 ΡΙ.
979 2621 1075 2652 rar.
1115 2604 1281 2670 Hung.
1323 2611 1357 2656 1.
1399 2618 1431 2656 t.
1451 2610 1535 2657 66.

125 2699 245 2750 330.
285 2705 355 2748 A.
395 2704 842 2751 tanacetifolia
889 2703 1119 2753 Willden.

197 2798 339 2846 Haec
396 2798 441 2846 in
494 2800 690 2863 alpibus
730 2801 953 2866 Rosffly,
1010 2803 1209 2864 Guntia,
1269 2803 1480 2854 Petrosa
1531 2812 1576 2852 et
1627 2805 1731 2870 Pop
1773 2806 1893 2855 lvz'tu

56 2912 318 2957 crescens,
380 2896 535 2946 radiis
575 2897 735 2947 roseis
786 2898 1010 2963 albisque
1051 2900 1253 2949 varians
1303 2908 1350 2948 et
1390 2901 1585 2964 quidem
1622 2903 1691 2954 A.
1729 2913 1892 2953 tana-

55 2995 308 3060 cetefole'a
360 2994 533 3045 Willd.
593 3003 639 3044 et
688 2995 1049 3063 Millesoloe'um
1108 3016 1441 3065 purpureum
1500 2999 1679 3064 majus
1736 3001 1892 3052 Bauh.

57 3092 224 3155 prodr.
249 3091 338 3140 76.
376 3091 557 3141 Moris.
596 3092 712 3142 hist.
747 3092 797 3142 3.
836 3093 871 3141 f.
900 3094 953 3144 6.
1003 3111 1049 3157 p.
1072 3093 1161 3145 39.
1203 3102 1234 3144 t.
1267 3095 1348 3146 11.
1385 3095 1419 3144 f.
1459 3096 1538 3146 14.
1580 3098 1666 3145 Sed
1702 3096 1771 3148 A.
1803 3109 1891 3146 ta-

56 3178 380 3255 nacetijblz'd
421 3191 518 3240 ΑΙΙ.
561 3194 668 3255 ped.
711 3210 756 3240 11.
778 3194 897 3243 666.
939 3185 1086 3243 etA.
1122 3193 1256 3244 foliis
1281 3193 1517 3258 pinuatiS,
1556 3195 1718 3258 pinnis
1742 3194 1888 3244 semi-

2 3268 4 3270 V
58 3285 254 3349 partitis
292 3285 466 3336 incisis
506 3296 552 3336 et
592 3288 819 3354 integris.
859 3290 993 3341 Hall.
1030 3290 1164 3340 helv.
1205 3309 1252 3342 n.
1279 3292 1400 3345 108.
1439 3293 1666 3342 videntur
1692 3292 1888 3341 differre
