2195 3657
1827 136 1950 196 301

195 283 345 337 1255.
385 289 451 335 G.
490 287 926 345 triangularis.

258 384 311 432 In
348 383 555 448 rupibus
595 384 719 434 calc.
760 385 819 434 ad
862 385 1081 435 thermas
1120 383 1381 446 Herculis,
1441 391 1488 432 et
1545 384 1592 432 in
1645 384 1759 447 alpe
1800 382 1957 433 Croa-

120 481 218 532 tiae
257 481 484 533 Szamar.

191 580 343 632 1256.
383 586 450 631 G.
489 582 809 630 tinctoria.

255 677 455 729 Variat:
495 700 546 730 α.
587 679 762 743 glabra
805 679 1030 728 omuibus
1072 678 1296 742 partibus
1337 678 1543 743 glabris,
1584 680 1632 728 in
1670 681 1827 743 pratis
1864 679 1957 728 hu-

114 775 286 838 midiS,
323 780 377 839 β.
417 777 792 839 subpubescens
829 776 918 825 fol.
961 776 1186 840 margine
1218 784 1304 825 aut
1344 777 1491 826 etiam
1533 785 1690 840 costa,
1727 777 1953 827 ramulis-

116 893 208 941 que
247 875 480 926 floriferis
523 877 942 941 pubescentihus3
1000 878 1374 940 subpubescens
1414 894 1563 941 porro
1606 878 1793 940 variat,
1839 896 1958 926 vau-

111 975 241 1025 libus
280 992 365 1026 seu
408 975 559 1025 ramis
598 975 847 1026 annotinis
889 976 1197 1026 brevioribus
1240 976 1612 1041 (spithamaeis)
1664 987 1710 1025 et
1759 976 1955 1041 longio-

112 1075 280 1137 ribus,
318 1075 702 1140 simplicissimis
744 1083 790 1124 et
829 1075 1071 1136 ramosi83
1113 1075 1246 1125 foliis
1286 1075 1870 1141 angusto-lanceolatiS,
1910 1083 1957 1123 et

112 1170 588 1222 lato-lanceolatis.
686 1173 875 1223 Dentes
916 1173 1104 1240 calycis
1142 1172 1453 1237 augustifolii
1490 1182 1602 1223 sunt
1637 1172 1957 1223 lam-colato-

112 1271 347 1321 subulati.
439 1271 711 1322 Ramosam
752 1271 1134 1338 angustifoliam
1178 1273 1228 1322 in
1272 1273 1501 1339 Syrmio‚
1551 1274 1610 1322 ad
1654 1272 1958 1322 Essekiuum

113 1380 160 1420 et
195 1372 256 1421 ad
295 1370 479 1429 HeveS,
535 1372 683 1422 aliam
744 1372 896 1422 ramis
936 1371 1243 1436 simplicibus
1297 1371 1581 1436 angulatis,
1638 1373 1728 1420 sub
1764 1371 1958 1420 nomine

110 1471 414 1535 angulatae
438 1471 739 1536 descriptam
781 1474 839 1520 ad
868 1471 1064 1521 Bekecs
1104 1471 1202 1535 legi
1243 1473 1332 1521 sub
1372 1470 1561 1520 initium
1602 1470 1749 1520 Juuii.
1823 1469 1958 1519 Haec

112 1570 362 1632 posterior
413 1570 603 1620 videtur
652 1572 818 1634 specie
877 1571 1103 1620 differre:
1159 1571 1387 1620 nimirum
1441 1570 1591 1621 ramis
1631 1569 1960 1634 simplicibus,

111 1669 342 1736 foliisque
384 1671 735 1737 calycibusquc
776 1671 992 1723 villosis.
1065 1671 1140 1721 Ad
1179 1670 1346 1721 Heves
1386 1672 1545 1732 lecta,
1596 1669 1750 1720 ramis
1790 1686 1956 1719 ramo-

108 1769 179 1818 sis
216 1767 424 1818 hirsutie
466 1768 707 1817 dictarum
750 1767 962 1831 partium
1002 1785 1097 1817 nou
1141 1766 1332 1816 differt:
1385 1782 1504 1831 ergo
1546 1765 1586 1815 si
1640 1781 1771 1830 una,
1811 1765 1956 1814 etiam

115 1865 277 1915 altera
316 1865 483 1930 specie
524 1866 878 1931 distinguenda
930 1865 1042 1916 erit.
1134 1888 1179 1931 γ.
1220 1862 1433 1914 latifolia
1472 1862 1606 1912 foliis
1646 1870 1825 1911 ovato·
1851 1861 1961 1910 lan-

114 1962 340 2013 conlatis·
417 1962 660 2029 Calyces,
712 1963 931 2014 corollae
984 1972 1032 2012 et
1079 1962 1332 2028 legumina
1385 1961 1579 2025 glabra.
1655 1960 1726 2009 Ad
1779 1955 1957 2006 Hollod

115 2073 162 2113 et
201 2063 386 2113 Venter
427 2065 472 2113 in
515 2064 656 2114 clivis
695 2063 923 2114 arenosis
975 2072 1022 2112 et
1072 2062 1282 2112 collibus
1333 2060 1498 2111 siccis.
1573 2060 1622 2111 ὃ.
1665 2060 1764 2108 Seu
1807 2059 1957 2109 ramis

113 2163 401 2228 angulatis,
450 2163 678 2227 foliisque
730 2163 921 2228 pilosis.
996 2165 1068 2213 Ad
1108 2161 1259 2211 Antal
1310 2160 1355 2210 in
1396 2169 1559 2209 moute
1611 2176 1734 2223 pone
1773 2174 1959 2207 arcem.

112 2262 252 2314 Haec
293 2263 487 2313 videtur
527 2280 638 2313 esse
681 2260 742 2313 G.
782 2266 1025 2313 scariosa
1066 2261 1279 2313 Viviaui.

189 2380 340 2432 1257.
382 2384 450 2429 G.
491 2383 785 2429 coriaeea
820 2378 956 2429 mihi.

253 2477 438 2528 Caules
488 2478 667 2541 erecti,
739 2478 849 2528 basi
903 2476 1117 2542 lignosi,
1186 2474 1406 2540 ramique
1456 2479 1670 2537 teretes,
1728 2472 1959 2522 sulcato-

113 2578 369 2642 angnlati,
409 2577 676 2642 subdivisi,
719 2577 882 2642 pilosi.
986 2575 1133 2626 Folia
1174 2575 1431 2636 coriacea‚
1478 2578 1796 2629 mucronata,
1849 2569 1956 2620 basi

113 2678 439 2729 cuneiformia
491 2685 790 2743 angustata,
852 2675 1079 2739 sessilia,
1137 2691 1291 2740 supra
1339 2672 1707 2739 glabriuscula,
1776 2670 1956 2727 lucida,

111 2761 286 2829 subtus
325 2793 806 2840 nervoso-venosa,
858 2776 1037 2840 pilosa.
1142 2774 1386 2825 Bracteae
1428 2772 1561 2822 foliis
1601 2771 1754 2821 multo
1794 2770 1953 2820 mino-

113 2896 223 2939 res,
282 2878 826 2940 ovato-lanceolatae,
885 2875 1227 2938 acuminatae‚
1296 2872 1589 2929 trinerviae,
1656 2871 1830 2921 subtus
1869 2887 1960 2934 pu-

114 2982 393 3029 bescentes.
509 2977 736 3042 Stipulae.
799 2976 973 3041 spinae
1036 2975 1332 3037 suhblatae,
1405 2972 1662 3037 longiores
1716 2986 1858 3036 quam
1910 2969 1958 3018 iu

111 3083 388 3129 tinctoria.
462 3077 667 3128 Habitat
730 3078 778 3126 in
842 3075 1087 3127 silvaticis
1136 3074 1338 3137 Eudae,
1411 3073 1553 3123 floret
1603 3071 1764 3122 serius
1814 3085 1958 3134 quam

112 3181 388 3229 tino-toria.

187 3272 340 3322 1258.
392 3276 459 3320 G.
501 3286 774 3321 nervosa
813 3270 949 3321 mihi.

254 3369 383 3421 Host
421 3387 509 3435 pro
550 3367 612 3422 G.
649 3372 908 3420 tinctoria
951 3366 1251 3429 declaravit,
1290 3365 1588 3416 Willdenow
1621 3363 1748 3413 forte
1789 3361 1952 3412 diver-
