2195 3657
202 120 330 183 332

208 273 371 339 Calyx
424 287 615 338 quoque
670 271 953 336 pubescens
1006 267 1303 332 praesertim
1354 265 1602 317 dentibus.
1713 267 1838 317 Alae
1889 267 2060 334 calyce

206 374 361 425 multo
403 371 687 437 longiores3
742 369 975 418 vexillum
1016 369 1126 430 his,
1166 377 1212 416 et
1254 367 1428 417 'carina
1466 368 1562 416 hoc
1600 367 1849 432 longiora.
1938 368 2064 418 Bra-

202 482 343 524 cteac
386 471 679 537 pedunculis
721 469 1009 536 longiores,
1050 468 1519 519 lineari-sulmlatae
1561 469 1894 532 pubescentes
1915 485 2065 535 prae-

202 572 373 624 sertim
414 588 591 621 versus
631 570 842 635 apicem.
956 569 1241 635 Legumiua
1283 568 1640 633 pubescentia,
1678 567 1861 619 laevia.
1955 567 2063 618 Ha-

199 670 326 721 bitat
365 670 415 719 in
456 668 640 734 alpium
684 676 877 732 carpat.
919 666 1153 729 saxosiS,
1203 666 1431 730 asperis,
1481 666 1612 715 infra
1652 683 1875 717 summas
1912 683 2063 732 rupes

197 771 246 821 in
285 771 464 821 harum
504 768 784 819 ruderibus.
859 768 940 818 Fl.
979 767 1154 828 Junio,
1193 766 1454 832 Augusto,
1509 766 1781 817 Mauksch.
1893 767 1929 817 A
1974 767 2061 816 Dr.

195 871 538 936 Baumgarten
589 871 679 919 sub
731 869 927 919 nomine
978 866 1204 917 Phacae
1253 868 1481 935 alpinae
1529 866 1735 918 missum
1797 884 1823 916 e
1865 866 2063 918 Trans-

199 973 428 1024 silvania.

277 1131 433 1182 1409.
468 1136 543 1180 ΙΙ.
584 1133 995 1191 Onobrychis.

339 1229 540 1292 Caulis,
584 1229 785 1294 petioli,
837 1229 1081 1294 stipulae,
1141 1228 1347 1291 foliola,
1396 1228 1686 1293 pedum-uli,
1739 1230 1973 1280 bracteae
2016 1237 2063 1277 et

201 1312 497 1396 praesertim
554 1330 755 1397 calyces
809 1331 1086 1394 pubescunt
1142 1329 1255 1393 pilis
1296 1328 1425 1379 albis
1477 1328 1785 1378 tennioribus
1835 1329 2063 1380 sericeis.

202 1430 401 1480 Foliola
443 1431 1023 1496 elliptico-lauceolata,
1087 1431 1269 1479 obtusa
1321 1447 1430 1479 cum
1486 1447 1747 1495 niucrone,
1800 1430 2063 1496 superiora

197 1541 363 1581 acuta.
478 1529 718 1596 Spiculae
778 1539 986 1594 ovatae,
1039 1529 1376 1581 acuminatae..
1488 1530 1734 1580 Bracteac
1776 1531 2062 1594 subtilatae,

198 1631 459 1697 pedieellis
513 1632 787 1697 longiores.
902 1631 1025 1682 Alae
1073 1632 1276 1697 calyce,
1329 1633 1500 1681 carina
1552 1632 1735 1682 vexillo
1789 1632 2065 1683 breviore-s.

197 1734 336 1798 Ergo
378 1732 598 1783 definitio
640 1733 712 1783 M.
739 1750 767 1783 a
806 1733 861 1784 Β.
904 1733 1078 1782 melior
1118 1733 1338 1783 seilicet:
1383 1733 1524 1783 caule
1555 1742 1748 1796 erecto,
1792 1733 1926 1784 foliis
1953 1733 2063 1799 pin-

199 1835 351 1896 natis,
394 1833 579 1884 foliolis
620 1832 1194 1897 elliptieo-lanceolatis
1235 1836 1410 1884 subtus
1453 1833 1810 1899 pilosiusculis,
1849 1835 2063 1886 racemis

197 1934 514 2001 cylindrieis,
562 1933 658 1983 alis
700 1934 872 2000 calyce
916 1935 1257 1997 brevioribus,
1317 1935 1550 1986 lomentis
1591 1934 1901 2001 simplicibus
1941 1937 2060 1986 sub-

193 2035 419 2085 rotuudis
460 2035 652 2101 glabris
691 2035 1209 2086 aculeato-dentatis.
1325 2036 1510 2088 Canles
1563 2044 1727 2087 tamen
1770 2036 2059 2104 plerumque

193 2136 427 2187 declinati
467 2144 553 2187 ant
594 2138 965 2186 decumbentes.

270 2280 422 2331 1410.
463 2285 538 2329 ΙΙ.
577 2282 950 2329 arenarium
992 2279 1127 2328 mihi·

337 2376 503 2427 Radix
555 2376 814 2442 perennis,
865 2377 1073 2442 sesqui·
1131 2385 1215 2426 aut
1267 2375 1538 2440 bipedalis,
1588 2394 1684 2426 nou
1735 2393 1849 2427 raro
1909 2377 2056 2428 etiam

195 2477 420 2543 longior,
483 2477 730 2540 simplex,
794 2494 884 2526 uec
941 2477 1035 2526 nisi
1091 2478 1281 2526 inferne
1334 2477 1382 2526 in
1438 2493 1626 2541 paucos
1675 2494 1843 2529 ramos
1883 2477 2060 2542 divisa,

195 2577 354 2627 latere
396 2576 664 2625 nonnullas
708 2575 961 2625 radiculas
1003 2577 1186 2638 edens,
1227 2576 1474 2626 calamum
1517 2576 1790 2642 digitnmve
1827 2575 2057 2626 crassitie

195 2694 448 2743 aequans,
489 2679 579 2726 snb
622 2685 731 2725 cute
775 2678 937 2740 fusca,
978 2678 1275 2740 flavescens,
1317 2677 1598 2728 substantia
1630 2677 1815 2740 albida,
1853 2676 2059 2739 fibrosa,

198 2778 395 2842 tenaci,
434 2794 616 2842 sapore
659 2785 706 2825 et
748 2779 899 2827 odore
939 2777 1253 2842 leguminoso
1281 2778 1496 2843 ingrato.
1551 2776 1739 2827 Caules
1780 2794 1842 2826 cx
1882 2778 2057 2827 eodem

193 2876 381 2927 radicis
421 2875 584 2941 capite
627 2875 823 2940 plures,
865 2876 1073 2940 primum
1113 2877 1298 2938 erecti,
1339 2876 1449 2926 dein
1491 2875 1726 2926 declinati
1765 2886 1851 2927 aut
1877 2893 2057 2928 ascen-

193 2980 396 3038 deutes,
446 2977 624 3027 demtis
666 2977 959 3042 pedunculis
1001 2977 1206 3041 pedales
1249 2985 1334 3026 ant
1369 2977 1778 3042 sesquipedales,
1843 2977 2054 3028 culmum

194 3078 344 3128 tritici
387 3078 695 3128 wlamnmve
738 3078 967 3130 crassitie
1008 3086 1313 3144 aequantes,
1365 3087 1579 3141 teretes,
1630 3079 1819 3140 striati,
1874 3079 2057 3144 glabri,

195 3178 450 3243 simplices
489 3177 768 3240 ramosive,
808 3179 936 3228 inter
977 3195 1144 3229 ramos
1168 3179 1392 3229 alternos
1423 3179 1794 3243 pedunculosve
1821 3179 2054 3231 flexuosi.

192 3278 339 3329 Folia
390 3278 612 3343 alterna,
684 3279 951 3344 petiolata,
1023 3279 1382 3344 4-r7-j11ga
1434 3297 1541 3330 cum
1593 3279 1798 3345 impari:
1866 3280 2055 3331 foliolis

195 3379 469 3446 oppositis,
521 3379 840 3431 inferioribus
893 3398 989 3431 uon
1031 3398 1145 3432 raro
1200 3380 1508 3432 subalternis
1562 3380 1851 3432 brevissime
1894 3381 2056 3447 petio-
