2195 3657
255 95 341 156 64

254 266 293 297 ε.
335 263 425 296 seu
462 245 698 297 Acetosa
735 253 994 294 montana
1035 244 1147 293 lato
1170 246 1264 292 ari
1283 245 1434 311 folio
1456 242 1686 293 rotundo
1717 241 1933 292 Boeeon.
1972 256 2100 290 mus.

256 344 376 394 165.
418 353 450 396 t.
479 345 582 396 125
616 352 662 394 et
693 345 808 396 126.
883 342 937 391 ln
976 342 1091 406 alpe
1131 341 1236 406 Pop
1260 341 1379 392 Ivan
1422 351 1469 391 et
1507 343 1557 392 iu
1596 341 1725 392 valle
1767 338 2100 390 Thurociensi

253 443 587 506 Zsihlaviua.⁴
640 443 697 493 θ.
740 441 1079 503 lanceolata,
1137 440 1279 490 caule
1331 441 1415 491 vix
1470 440 1662 506 pedali,
1723 439 1858 490 foliis
1898 439 2102 490 lanceo-

254 542 356 592 lato
379 543 701 607 -sagittatis‚
739 540 1082 606 superioribus
1111 539 1405 606 sess-ilibus,
1442 541 1491 590 in
1518 540 1770 592 sabulosis
1810 540 1872 591 ad
1910 539 2100 590 rivulos

250 640 375 706 legit
415 640 687 690 Mauksch.

321 740 441 791 258.
479 744 557 788 R.
597 743 977 789 Acetosella.

340 844 350 850 ’
392 837 642 903 Copiosus
694 838 741 887 in
792 837 993 903 pascuis
1047 849 1093 885 et
1147 836 1286 902 agris
1344 837 1600 899 arenosis,
1663 836 1876 885 omnium
1935 842 2100 884 autem

250 937 682 1003 frequentissimus
726 937 770 985 in
808 936 948 1001 agris
975 935 1207 986 Croatiae
1249 936 1523 985 declivibus
1561 935 1691 984 inter
1732 935 1889 995 silvis,
1929 934 2008 1000 qui
2037 935 2099 984 ab

247 1035 343 1085 hae
401 1034 554 1100 stirpe
617 1034 705 1084 toti
765 1035 1069 1084 fuseescuut.
1146 1037 1195 1100 β.
1234 1031 1472 1083 auriculis
1522 1032 1749 1082 foliorum
1811 1030 2102 1091 bi-trifidis,

251 1134 447 1185 laciniis
487 1133 778 1195 linearibus,
820 1132 994 1198 quibus
1036 1133 1187 1197 igitur
1224 1135 1285 1183 ad
1328 1132 1682 1181 multitudinem
1725 1132 1934 1183 aceedit.
1994 1129 2103 1182 Ta-

247 1232 309 1282 lis
351 1249 448 1282 non
477 1240 664 1282 tantum
705 1231 937 1280 inhorto
981 1232 1161 1294 uultus,
1201 1232 1289 1281 sed
1331 1239 1376 1279 et
1403 1238 1712 1295 spontaneus
1750 1227 1964 1279 occurrit
1990 1246 2033 1278 e.
2058 1245 2099 1277 c.

246 1332 297 1382 in
336 1339 499 1381 monte
541 1331 722 1381 Cobor.
811 1331 1120 1396 Quandoque
1174 1338 1361 1381 tautum
1406 1348 1550 1380 unum
1613 1330 1872 1381 altitudine
1925 1328 2099 1379 folium

247 1432 318 1483 ita
357 1431 545 1494 variat,
598 1431 726 1482 alias
768 1431 918 1481 etiam
960 1431 1214 1497 pleraque.
1293 1431 1518 1496 Vaginae
1572 1438 1669 1481 tam
1709 1431 1759 1480 iu
1799 1431 1894 1481 hac
1937 1429 2102 1481 varie·

245 1539 374 1590 tate,
417 1549 561 1598 quam
601 1514 740 1582 ἰιᾘα.
782 1540 895 1581 suut
935 1532 1551 1593 albo-membranaceae,
1596 1531 2118 1604 multifido-lacinia—v

244 1639 343 1683 tae.
419 1653 461 1698 y.
492 1632 621 1682 foliis
659 1632 922 1682 latioribus
965 1634 1225 1700 (quantum
1265 1633 1315 1682 iu
1355 1633 1488 1682 sicco
1517 1632 1728 1697 videtur,
1757 1632 2100 1696 glauceseen-

246 1732 376 1782 tibus
418 1732 628 1795 obtusis,
669 1732 800 1782 misit
841 1732 1116 1796 Maukseh,
1155 1733 1202 1782 in
1244 1732 1472 1783 arenosis
1514 1733 1666 1782 fossis
1707 1733 1908 1795 lectum,
1949 1748 2102 1797 quae-

245 1849 362 1881 rens
403 1848 466 1881 an
504 1828 577 1882 R.
617 1836 822 1881 scutati
859 1849 922 1882 an
948 1830 1296 1882 Acetosellae
1336 1832 1596 1882 varietas?
1668 1833 1714 1882 ὃ.
1757 1831 1890 1881 foliis
1927 1832 2104 1882 hasta-

246 1928 337 1978 tis:
396 1928 510 1977 lobo
569 1928 726 1976 medio
792 1927 921 1977 ovali
981 1927 1232 1994 (utrinque
1295 1930 1396 1977 fere
1464 1929 1744 1994 aequaliter
1787 1930 2105 1996 angustatis)

244 2027 539 2079 lateralibus
578 2026 771 2092 oblique
815 2026 1000 2089 ovatiS‚
1042 2027 1175 2077 misit
1214 2027 1273 2076 D.
1320 2028 1519 2095 Woluy.

799 2284 801 2286 ,
865 2225 1465 2294 Daphnoideae.

315 2325 435 2375 259.
473 2329 740 2383 Daphne
778 2330 1157 2375 Mezereum.

378 2425 526 2475 Folia
566 2424 891 2475 euueiformia
935 2426 1098 2488 potius
1140 2443 1285 2492 quam
1325 2426 1637 2489 lanceolata,
1692 2427 1982 2477 tenuissime
2025 2428 2099 2478 ei-

241 2524 395 2587 nata,
436 2524 733 2588 praesertim
766 2524 984 2590 juniora.
1063 2527 1115 2576 ln
1155 2526 1293 2578 silvis
1334 2526 1579 2577 montanis
1619 2527 1846 2591 Matrae‚
1891 2527 2100 2592 Tatrae,

242 2624 506 2690 Croatiae,
547 2625 834 2676 Slavoniae.

314 2725 435 2777 260.
474 2729 548 2774 Ι).
589 2728 826 2785 alpina.

319 2849 328 2857 -
380 2823 432 2872 ln
472 2833 634 2873 monte
675 2824 899 2874 Merszin
939 2825 1000 2874 ad
1040 2824 1345 2875 Korenieam
1382 2824 1638 2875 Croatiae.

315 2922 437 2973 261.
477 2927 550 2972 1).
589 2928 929 2973 Laureola.

383 3020 439 3070 In
480 3022 726 3072 umbrosis
768 3022 1078 3073 subhumidis
1119 3024 1180 3072 ad
1222 3023 1476 3074 Gesztes‘?
1518 3030 1564 3071 et
1604 3023 1653 3071 iu
1676 3022 1916 3074 Slavonia
1942 3039 2094 3088 supra

239 3121 596 3171 monasterium
639 3123 991 3172 monachorum
1033 3140 1129 3172 nou
1172 3124 1345 3185 procul
1386 3123 1686 3174 Orahovica.

311 3221 432 3274 262.
471 3225 544 3270 1).
585 3225 909 3272 cneorum.
988 3220 1247 3271 Gneorum
1284 3220 1571 3273 Matthz‘ole'
1609 3221 1743 3276 Clus.
1784 3222 1900 3272 hist.
1944 3223 2091 3286 p·89.

385 3319 657 3385 Copiosum
714 3322 761 3371 in
820 3321 950 3372 silva
1002 3322 1131 3387 Nysr
1170 3320 1322 3371 Bator
1373 3321 1532 3380 dieta,
1593 3331 1639 3371 et
1690 3338 1867 3374 versus
1907 3320 2090 3372 Eesed.
