2195 3657
193 138 324 198 270

194 290 253 337 ad
290 289 554 351 juncturas
604 283 1019 349 pubescentibus,
1077 283 1357 347 interjectis
1405 282 1535 330 inter
1584 281 1785 344 singula
1833 281 2045 345 singulis

196 385 485 446 denticulis,
527 383 878 447 capillaribus‚
919 382 1052 431 velut
1091 380 1457 430 filamentorum
1500 379 1804 429 rudimentis.
1855 379 2046 428 Anthe-

197 487 263 534 ris
319 485 576 547 oblongis,
635 482 970 543 transversis,
1043 481 1150 530 basi
1205 483 1398 530 demum
1451 479 1644 541 bifidis,
1715 478 2046 529 oehroleuris.

197 586 408 634 Germen
453 590 648 632 ovatum
691 581 876 644 pallide
905 581 1088 642 virens,
1131 582 1290 645 laeve,
1333 581 1561 639 calvum3
1600 578 1716 645 styli
1758 578 2048 643 capillares,

194 685 321 745 albi,
363 666 654 748 divar-irati,
696 681 801 731 basi
844 681 889 729 in
934 697 1215 729 mucronem
1259 679 1499 744 germinis
1537 677 1753 729 connati.
1797 677 2048 742 Stigmata

195 783 633 846 ovali-eapitata3
675 780 1218 830 viridi-flavescentia.
1296 779 1548 844 Capsulae
1588 816 1600 830 .
1768 778 1810 827 E
1852 777 2047 842 Sec-pu-

196 886 270 934 sio
314 882 505 933 semina
549 882 638 930 sub
680 897 806 930 nom.
830 877 899 928 L.
924 880 1104 946 alpini
1140 879 1294 929 missa
1321 890 1537 929 sunt.-—-
1575 878 1704 928 Huic
1745 877 2046 927 simillimum

194 995 268 1036 est
307 985 353 1033 in
394 984 506 1048 alpe
548 982 652 1046 Pop
693 981 812 1031 lvan
854 982 1060 1043 lectum,
1102 983 1228 1047 quod
1268 999 1297 1032 a
1335 979 1401 1031 L.
1431 983 1619 1048 alpino
1655 978 2047 1029 diversissimum
2098 1034 2104 1038 ,

195 1103 306 1136 esse
348 1083 622 1133 enuntiavit
662 1082 982 1132 Willdenow.
1071 1082 1177 1131 Nee
1219 1081 1313 1130 nisi
1356 1080 1732 1146 angustioribus
1785 1078 1919 1129 foliis
1960 1076 2050 1129 ab·

196 1189 411 1249 undant,
462 1200 586 1248 quae
629 1200 716 1247 pro
757 1180 823 1230 L.
866 1183 1052 1248 alpino
1092 1181 1348 1232 Mauksoh
1391 1190 1437 1230 et
1477 1180 1751 1231 Genersieh
1795 1181 2047 1231 miserunt.

286 1341 438 1390 1146.
479 1343 546 1386 11.
587 1339 994 1385 ausu-ianam.

333 1439 529 1488 Foliola
572 1435 761 1502 calycis
805 1438 981 1485 obtusa
1023 1433 1249 1500 quidem,
1302 1435 1386 1483 sed
1433 1451 1540 1483 enm
1582 1451 1812 1483 nunrrone
1858 1436 2050 1484 brevis-

195 1542 347 1602 simo,
389 1538 469 1604 qui
511 1555 624 1586 raro
668 1536 714 1584 in
757 1553 851 1584 uno
894 1535 1117 1585 alterove
1160 1533 1329 1600 phylto
1374 1533 1557 1581 delicit.
1635 1532 1829 1582 Foliola
1860 1533 2048 1598 calyris

194 1642 419 1705 margine
462 1638 870 1697 meminanacea,
931 1652 1028 1684 non
1079 1633 1268 1683 ciliata.
1347 1632 1532 1683 Canles
1575 1649 1669 1680 non
1711 1641 1824 1681 sunt
1864 1632 2049 1695 diffusi,

193 1725 366 1792 verum
406 1737 588 1794 erecti,
641 1754 684 1785 v.
726 1736 1077 1784 assendentes.
1191 1733 1396 1784 Habitat
1444 1732 1701 1792 Pesihini,
1756 1719 1801 1780 iii
1847 1730 2048 1796 praedio

194 1842 387 1903 Reida,
426 1839 486 1888 ad
529 1836 855 1895 Kecskemet,
895 1836 955 1883 ad
998 1834 1236 1894 Balat0n3
1278 1836 1338 1882 ad
1378 1833 1530 1899 Nagy
1568 1832 1723 1882 Bator
1762 1832 1808 1881 in
1835 1830 2050 1898 Syrmiu,

192 1943 242 1992 in
283 1940 430 1990 Cottu
472 1936 768 1987 Posoniensi
810 1935 920 1984 inde
960 1951 989 1984 a
1033 1933 1321 1983 annitzer
1363 1950 1448 1996 pro
1489 1930 1557 1981 L.
1599 1932 1892 1998 tenuis-'olio
1932 1931 2052 1980 mis-

195 2061 301 2094 sum
343 2041 403 2091 ad
444 2037 606 2088 Kaloz
648 2037 696 2086 in
748 2039 901 2101 pratis
944 2034 1121 2098 siccis,
1184 2036 1244 2084 ad
1288 2034 1373 2085 Sz.
1414 2032 1582 2084 Istvzin
1634 2032 1679 2081 in
1739 2032 1913 2080 itinere
1956 2031 2052 2080 Be-

194 2141 448 2210 reghiensi
490 2139 691 2189 lectum.
770 2136 891 2186 Solo
934 2152 1147 2185 arenoso
1194 2135 1507 2200 potissimum
1549 2134 1802 2199 fri-quens.

245 2273 251 2278 ι
286 2298 439 2350 1147.
478 2301 544 2345 L.
584 2298 926 2344 uniflorum
966 2293 1100 2344 mihi.

339 2397 507 2448 Radix
548 2413 743 2456 annua,
781 2394 863 2444 vix
906 2393 1136 2456 pollicem
1179 2391 1488 2457 longitndine
1530 2406 1782 2455 aequans,
1825 2388 2056 2453 simplex,

197 2516 385 2567 paucas
424 2496 677 2547 radiculas
716 2493 933 2544 fibrosas
982 2511 1250 2554 exserens,
1306 2493 1563 2554 flexuosa,
1622 2490 1806 2541 albida.
1880 2488 2053 2539 Caulis

197 2599 486 2660 solitarius,
538 2603 733 2645 erectus
784 2594 1035 2659 spithama
1089 2593 1238 2659 paulo
1280 2591 1506 2656 longior,
1569 2588 1805 2651 striatuS‚
1863 2586 2055 2652 simpli-

198 2695 458 2752 cissimus,
507 2702 667 2749 teres,
725 2691 1058 2752 substriatns,
1109 2688 1313 2752 glaber,
1366 2685 1540 2736 laevis.
1657 2683 1803 2734 Folia
1843 2684 2054 2746 alterna,

197 2795 426 2857 sessilia,
476 2792 718 2849 linearia,
774 2790 1083 2852 acuminata,
1139 2787 1367 2850 enervia,
1420 2787 1627 2852 glabra,
1678 2785 1826 2836 etiam
1866 2784 2055 2850 margi-

131 2912 134 2915 *
196 2895 341 2944 nibus
380 2893 561 2944 laevia.
672 2891 795 2940 Flos
836 2887 1144 2950 terminalis,
1195 2885 1483 2949 solitarius,
1523 2893 1736 2935 eret-tus.
1851 2882 2055 2950 Calyris

197 2991 373 3042 foliola
431 2999 606 3053 ovata,
663 2988 989 3049 acuminata,
1048 2983 1560 3050 subquinquenervia,
1622 2980 1849 3048 margine
1898 2997 2054 3030 mem-

200 3095 452 3143 branacea
491 3089 777 3155 ciliataque.
890 3088 1200 3152 Quandoque
1243 3085 1572 3135 rudimentum
1628 3082 1808 3134 ramuli
1847 3080 1895 3130 in
1934 3079 2053 3130 folio

198 3209 432 3258 supremo
471 3192 663 3241 haeret.
764 3187 971 3238 Habitat
1021 3188 1083 3238 ad
1123 3185 1283 3236 rivum
1321 3185 1547 3235 Blatnice
1589 3184 1638 3232 in
1678 3181 1809 3233 valle
1850 3180 2055 3231 Blesso—

197 3290 387 3344 vicensi
430 3290 486 3340 C.
529 3287 912 3340 ThuroeiensiS.
998 3285 1295 3335 Willdenow
1346 3292 1486 3350 putat
1536 3282 1746 3334 alterius
1794 3281 2053 3348 cujusdam

199 3392 496 3444 varietatem
535 3406 666 3441 esse.
