2195 3657
1827 165 1946 225 199

111 317 355 378 breviora,
395 315 662 366 filamentis
703 313 1028 376 simplicibus,
1069 314 1301 378 setaeeis‚
1341 317 1373 364 4
1411 315 1643 380 longiora
1684 331 1769 378 per
1810 317 1949 377 paria

112 415 495 480 approximata,
536 413 683 476 duplo
723 412 933 474 latiora,
974 429 1189 475 superne
1227 414 1274 462 in
1314 416 1347 463 2
1386 415 1558 463 dentes
1599 413 1782 475 divisa,
1830 432 1949 477 quo-

107 533 210 564 rum
252 514 514 564 inferiores
564 512 726 575 acuti,
795 528 880 575 per
930 512 1070 575 paria
1124 513 1411 574 connivent,
1468 513 1746 562 exteriores
1802 513 1948 576 paulo

109 615 361 680 longiores
402 614 641 662 antheras
683 619 861 674 gerunt
903 619 1077 660 ovatas
1104 612 1277 662 flavas.
1322 613 1599 662 Glandulae
1628 615 1753 662 dnae
1780 621 1950 661 necta—

111 715 289 763 riferae
332 714 456 762 inter
496 712 860 761 filamentorum
903 711 1184 775 longiorum
1226 713 1365 762 basin
1410 714 1773 778 prominentes,
1838 731 1951 776 pro-

108 814 254 862 funde
308 812 504 861 virides.
615 811 830 860 Fructus
895 812 939 858 in
992 813 1083 860 hoe
1132 829 1315 876 genere
1367 813 1640 876 maximus,
1696 813 1952 876 globosus,

109 913 247 977 apice
288 910 487 960 foveola
527 910 826 974 impressus,
867 909 1010 959 albus
1052 927 1158 958 eum
1200 911 1392 959 modico
1435 911 1585 960 tinctu
1626 911 1824 972 viridis,
1879 912 1950 959 in-

110 1013 277 1061 sidens
318 1009 634 1075 receptaculo
664 1008 823 1058 viridi.

250 1109 455 1175 Habitat
522 1109 570 1157 in
634 1108 906 1172 aggeribus
959 1108 1141 1173 Syrmii
1206 1117 1252 1159 et
1314 1108 1470 1171 pratis
1528 1106 1703 1155 Cottus
1761 1106 1955 1157 Csaufi—

112 1210 314 1259 diensis.

759 1372 1303 1429 Resedaeeae.

181 1487 317 1560 893τι
342 1493 597 1538 Beseda
631 1492 915 1537 Luteola.

250 1584 304 1632 Iu
344 1600 581 1648 agrorum
621 1585 839 1634 versuris
886 1583 1321 1649 marginibusque,
1371 1585 1673 1650 aggeribus,
1736 1588 1794 1635 ad
1832 1586 1959 1647 vias,

112 1683 159 1730 in
199 1682 473 1743 ruderatis,
515 1681 669 1731 arvis.
746 1683 800 1731 In
842 1681 989 1731 Cottu
1032 1682 1281 1731 Trencsin
1323 1700 1351 1732 a
1395 1683 1669 1733 Genersieh
1714 1684 1856 1731 lecta,

187 1797 310 1847 894.
348 1802 424 1845 R.
465 1800 830 1855 Phyteuma.

255 1896 310 1944 ln
351 1905 515 1945 monte
558 1896 767 1945 Gerardi
810 1906 955 1963 atque
997 1897 1045 1945 in
1087 1896 1219 1946 arvis
1268 1898 1327 1946 ad
1365 1897 1747 1961 Maxengraben
1790 1897 1956 1946 Budae

107 1989 213 2054 jam
253 1991 343 2038 sub
384 1988 594 2053 med-ium
635 1990 823 2056 Aprilis
865 1992 1121 2041 florentem
1163 1989 1352 2054 reperi3
1403 1989 1619 2039 occurrit
1670 1998 1715 2037 et
1755 1991 1870 2038 alibi
1908 1989 1957 2037 in

114 2088 249 2138 arvis
290 2095 335 2137 et
376 2089 667 2154 aggeribus.

183 2203 305 2254 895.
344 2209 421 2253 R.
461 2207 954 2253 mediterranea.

257 2303 330 2352 Ad
373 2303 579 2352 Vaoium
620 2303 669 2351 in
710 2301 849 2367 agris
888 2317 1065 2350 versus
1107 2300 1304 2359 vineas,
1346 2298 1393 2347 in
1433 2306 1595 2347 monte
1638 2297 1872 2358 Gerardi,
1910 2296 1957 2344 in

117 2402 252 2453 arvis
302 2402 478 2452 Cottus
531 2402 819 2453 Baesiensis
894 2402 1017 2450 infra
1073 2399 1460 2463 Theresiopolin
1523 2408 1569 2446 et
1620 2397 1849 2447 Albensis
1898 2399 1958 2444 ad

117 2503 296 2554 Kaloz.

191 2620 313 2670 896.
353 2623 430 2666 R.
470 2621 661 2667 lutea.

257 2718 313 2766 In
365 2716 597 2778 saxosis,
659 2715 841 2777 muris,
901 2714 1209 2779 aggeribus,
1272 2711 1406 2762 arvis
1448 2710 1640 2775 ubique.
1717 2710 1771 2758 In
1814 2707 1957 2757 Cottu

121 2816 481 2866 Trenesinensi
535 2833 564 2864 a
617 2815 893 2865 Genersieh
949 2814 1095 2863 lecta.
1193 2814 1243 2874 β.
1292 2810 1661 2876 angustzfolz'a
1718 2808 1766 2857 in
1817 2807 1959 2855 Eresi

118 2916 268 2966 lecta.
304 2954 306 2957 v

700 3083 763 3137 N
765 3081 1370 3151 ymphaeaeeae.

208 3206 327 3259 897.
368 3212 731 3267 Nymphaea
767 3209 958 3253 lutea.

264 3303 424 3352 Multo
466 3303 704 3352 minorem
743 3302 805 3350 ad
847 3301 1110 3365 Chrysium
1153 3299 1348 3350 fluvium
1392 3306 1438 3346 et
1476 3298 1523 3345 in
1563 3292 1800 3350 Slav-onia
1843 3289 1960 3352 legi,

126 3420 189 3454 an
228 3402 301 3453 N.
342 3396 609 3450 minima?
657 3397 821 3449 Willd.
