2195 3657
1843 147 1968 208 275

128 294 457 357 pedunculati.
498 293 560 344 E.
579 296 823 359 alpinum
846 309 931 356 pro
954 311 1046 357 quo
1070 310 1176 342 cum
1206 294 1456 344 Mauksch
1481 294 1647 354 habui,
1685 312 1782 344 non
1808 305 1969 358 potest

127 408 267 453 esse,
307 410 415 440 cum
455 393 602 441 flores
647 391 959 454 pedunculati
1000 401 1139 452 sunt,
1206 401 1252 440 et
1302 395 1606 456 praecedens
1659 393 1706 441 in
1746 394 1839 443 hoc
1880 411 1967 458 per

127 493 333 555 gradus.
363 490 995 540 insensibilitm»transeat
1045 489 1094 538 in
1145 492 1313 539 eodem
1365 492 1474 541 loco
1518 509 1558 539 e.
1600 509 1642 543 c.
1686 493 1733 541 in
1772 494 1970 558 alpibus

130 589 468 639 Zoliensibus.
526 588 666 637 Folia
707 603 860 649 saepe
903 573 1473 651 elliptico—lauceolata.
1529 590 1582 638 Iu
1621 590 1733 655 alpe
1761 592 1971 655 Krivau,

125 687 173 736 in
214 686 423 735 Petrosa
461 687 523 735 ad
565 693 824 748 stagnum,
886 685 932 733 iu
975 685 1078 749 Pop
1118 687 1233 735 lvau
1274 689 1334 735 ad
1377 689 1592 750 rivulos,
1632 688 1681 738 in
1723 689 1971 755 Gyiimber

127 803 214 849 pro
266 786 450 851 alpino
499 785 736 834 habitum.
828 784 1103 833 Genersich
1157 786 1289 834 misit
1343 787 1593 851 specimen
1642 789 1789 853 hujus
1837 790 1970 840 foliis

126 882 340 934 dentatis
381 899 467 944 pro
508 884 690 947 alpino
730 883 819 929 sub
861 881 1024 931 dubio.
1101 882 1259 931 Sinith
1300 883 1347 931 iu
1388 884 1435 934 fl.
1479 885 1584 932 brit.
1627 888 1686 935 ad
1726 886 1789 935 E.
1827 890 1970 954 alpi-

125 1001 250 1032 num
289 999 385 1031 non
424 981 545 1030 facit
590 981 905 1041 mentionem,
945 980 1094 1030 flores
1136 982 1345 1031 sessiles
1387 999 1497 1033 esse
1540 993 1586 1032 et
1617 985 1835 1050 reliquae
1878 1004 1970 1036 no-

126 1091 204 1132 tae
246 1099 367 1147 quas
407 1098 496 1131 suo
539 1079 705 1129 tribuit
747 1079 1065 1130 conveniunt.

216 1222 367 1274 1163.
415 1227 488 1272 E.
528 1227 939 1282 tetragonum,

265 1323 317 1372 In
360 1322 498 1372 silvis
537 1322 738 1372 caeduis
781 1323 962 1373 Budae.
1060 1322 1230 1372 Caulis
1287 1331 1512 1385 erectus,
1560 1317 1972 1392 2—-21s2-pe4

126 1422 282 1484 dalis,
346 1422 577 1485 strictus,
638 1430 963 1486 tetragonus,
1028 1422 1170 1486 apice
1230 1432 1415 1473 tantum
1469 1440 1725 1488 ramosus,
1782 1425 1969 1474 inferne

126 1523 328 1586 glaber,
385 1538 597 1585 superne
650 1530 696 1569 et
749 1522 928 1583 ramis,
987 1522 1308 1586 pedunculis,
1368 1522 1769 1588 germinibusque
1810 1525 1970 1587 magis

128 1621 384 1686 magisque
429 1623 808 1671 canescentibus
847 1623 908 1670 ab
964 1621 1141 1670 atomis
1183 1620 1377 1671 albidis,
1488 1622 1633 1671 Folia
1672 1622 1972 1683 lanceolata,

126 1723 355 1771 dentata:
396 1720 624 1771 dentibus
665 1720 1009 1782 subiucurvis,
1052 1721 1434 1783 obtusiusculis,
1477 1722 1765 1786 quibusdam
1809 1721 1970 1785 dupli-

128 1820 282 1884 catis,
342 1819 549 1884 glabra,
606 1819 798 1881 laevia,
870 1828 1190 1884 mucronata,
1263 1820 1457 1870 omnino
1507 1821 1708 1871 sessilia
1761 1826 1871 1883 (nec
1922 1831 1971 1870 ut

128 1919 286 1968 Smith
338 1919 452 1967 dicit
504 1918 849 1980 subsessilia),
910 1919 1168 1984 opposita,
1234 1927 1421 1968 tautum
1471 1937 1661 1970 summa
1713 1928 1757 1968 et
1797 1937 1968 1970 ramea

127 2015 337 2065 alterna.
379 2013 600 2078 Siliquae
641 2011 909 2075 axillarcs‚
952 2011 1339 2075 pedunculatae‚
1382 2011 1731 2075 tripollicares.
1770 2015 1820 2076 β.
1847 2011 1971 2061 sub-

124 2113 429 2179 pubescen&
509 2112 680 2163 Gaulis
721 2113 823 2160 fere
867 2129 895 2161 a
937 2112 1043 2162 basi
1078 2129 1336 2174 ramosus,
1388 2112 1610 2176 ramique
1661 2111 1846 2173 stricti,
1909 2113 1969 2160 ad

126 2213 364 2278 angulum
435 2221 633 2262 acutum
700 2211 877 2272 erecti,
955 2214 1406 2276 subpubescentes,
1483 2211 1602 2259 folia
1663 2210 1969 2275 marginibus

129 2328 376 2375 nervoque
434 2310 881 2375 subpubesceutia,
952 2310 1284 2359 denticulata:
1359 2308 1650 2370 (lenticulis,
1719 2324 1863 2372 quam
1920 2309 1968 2356 in

128 2413 486 2478 praecedente,
551 2411 888 2474 brevioribus,
938 2410 1303 2459 remotioribus.
1408 2409 1480 2457 Ad
1523 2408 1709 2458 Ver500
1749 2408 1796 2457 in
1837 2407 1969 2457 arvis

128 2513 254 2561 inter
311 2512 483 2562 vineas
544 2519 590 2559 et
647 2511 801 2560 silvas
856 2509 1274 2574 copiosissimum.
1366 2509 1406 2557 A
1456 2508 1706 2558 Mauksch
1768 2508 1967 2557 missum

127 2609 247 2659 folia
286 2608 432 2674 paulo
473 2607 670 2673 majora
707 2608 874 2658 habet.

217 2764 370 2814 1164.
409 2769 483 2812 E.
524 2766 820 2814 silvestre
859 2762 994 2811 mihi.
1520 2820 1524 2823 ¹

270 2863 444 2913 Caulis
485 2871 698 2925 erectus,
736 2860 1161 2925 2—3-pedalis,
1200 2860 1309 2908 inde
1351 2876 1379 2908 a
1419 2859 1579 2908 media
1618 2856 1697 2908 vel
1735 2857 1966 2906 inferiore

130 2969 270 3024 parte
308 2977 567 3024 ramosus,
618 2968 777 3023 teres,
828 2961 1038 3009 obscure
1094 2960 1306 3019 rubens,
1368 2959 1642 3019 pubescens
1694 2955 1805 3019 pilis
1856 2957 1970 3003 bre-

129 3063 299 3123 vibus,
341 3061 548 3125 patulis,
598 3060 855 3124 superiore
900 3066 1037 3124 parte
1090 3056 1374 3108 successive
1416 3055 1748 3105 densioribus.
1824 3054 1967 3102 Folia

129 3159 368 3209 inferiora
406 3161 659 3224 opposita,
711 3159 973 3224 superiora
1014 3157 1236 3219 alterna,
1287 3156 1500 3206 breviter
1543 3155 1809 3218 petiolata‚
1849 3156 1967 3201 den-

130 3268 503 3310 tato-serrata:
548 3259 776 3309 dentibus
816 3268 1097 3308 antrorsum
1138 3256 1327 3318 versis,
1381 3254 1761 3314 obtusiusculis,
1811 3252 1967 3316 nigri-

131 3360 386 3424 cantibus,
462 3360 769 3423 lanceolata,
842 3366 1016 3420 acuta,
1080 3356 1302 3420 utrinque
1363 3355 1655 3418 praesertim
1706 3351 1868 3401 nervis
1920 3358 1967 3398 et

1496 3451 1619 3502 18*
