2195 3657
1871 165 1999 226 277

160 320 245 353 sus
282 304 590 366 Marusium,
644 305 691 353 in
733 312 896 354 monte
935 306 1192 374 Nagyszess
1233 311 1293 358 ad
1337 309 1575 375 Varium,
1623 313 1671 362 in
1710 314 1819 376 via,
1871 331 1992 380 quae

160 419 219 450 ex
261 401 460 453 officina
499 404 707 454 vitraria
748 404 886 454 Com.
925 405 1134 473 Keirolyi
1177 426 1302 472 pone
1339 410 1486 477 Nagy
1522 412 1744 478 Bfinyam
1782 414 1929 463 ducit.

214 514 399 565 ⁴1168,
439 519 742 574 Lythrum
780 519 1112 566 Salicaria.

299 614 354 660 In
393 612 572 674 fossis,
624 615 683 661 ad
724 613 885 675 rivos,
926 615 973 663 in
1013 615 1232 666 salicetis
1273 627 1319 667 et
1355 620 1677 673 arundinetis.
1750 642 1796 688 γ.
1837 623 1992 673 Foliis

155 712 336 773 ternis,
381 713 441 760 ad
486 712 629 777 Nagy
672 712 891 778 Bae‘tnyam
930 715 977 762 in
1022 717 1276 766 montosis.
1330 717 1393 767 E.
1419 722 1820 787 uitet-nisolz'um
1844 723 1991 773 etiam

153 811 277 872 vidi,
319 819 365 859 et
406 811 612 875 Mygind
655 812 700 860 in
741 813 973 862 herbario
1015 814 1184 864 habet.

242 939 392 990 1169.
430 943 497 987 Ῑι.
531 942 862 999 virgatam.

290 1040 343 1088 Iu
385 1039 539 1102 pratis
580 1048 626 1088 et
667 1039 914 1088 fruticetis
968 1058 1063 1089 uon
1114 1040 1416 1105 infrequens.
1505 1042 1677 1094 Variat
1727 1046 1859 1096 foliis
1899 1049 1989 1099 flo-

146 1137 337 1189 ralibus
389 1138 689 1204 floribusque
742 1138 1014 1203 oppositis,
1078 1139 1393 1191 inferioribus
1443 1159 1530 1190 seu
1583 1143 1794 1194 caulinis
1834 1164 1989 1211 quan-

146 1241 303 1303 doque
342 1238 574 1300 alternis,
634 1239 837 1287 floribus
877 1239 1144 1300 solitariis,
1204 1240 1330 1290 binis
1373 1242 1622 1311 ternisvej,
1681 1260 1800 1309 ergo
1842 1257 1984 1296 nota:

144 1339 349 1388 floribus
389 1339 542 1388 ternis
587 1355 612 1386 e
653 1338 937 1388 defiuitione
980 1342 1329 1404 expungenda.
1414 1342 1561 1392 Folia
1614 1345 1834 1409 margine
1874 1365 1986 1397 sca—

146 1428 421 1489 briuscula,
491 1440 541 1500 β.
569 1439 694 1503 Legi
737 1423 885 1488 etiam
926 1439 1201 1504 specimina
1240 1440 1305 1507 (si
1347 1453 1479 1490 recte
1523 1443 1737 1506 memini,
1778 1446 1823 1494 in
1863 1445 1983 1496 Cot-

142 1540 221 1588 'tus
261 1538 586 1588 Hevesiensis
628 1538 783 1601 pratis
824 1539 990 1600 siccis)
1034 1539 1167 1587 foliis
1210 1540 1764 1605 lineari-lanceolatis,
1815 1547 1983 1597 nervis

140 1657 169 1689 a
209 1639 345 1689 rachi
389 1638 548 1688 media
587 1655 673 1702 per
728 1647 879 1687 totam
923 1638 1277 1700 longitudinem
1329 1644 1736 1709 excurrentibus,
1797 1645 1874 1709 qui
1936 1649 1980 1695 in

139 1743 358 1804 virgata
398 1737 525 1788 alias
567 1737 774 1787 obsoleti
815 1746 956 1798 sunt,
996 1748 1042 1785 et
1086 1756 1259 1788 versus
1301 1740 1572 1805 marginem
1615 1755 1899 1794 excurrunt.

231 1866 382 1917 1170.
421 1871 487 1915 Ia.
526 1869 977 1927 Hyssopifolia.
1053 1871 1120 1915 L.
1161 1872 1644 1928 hyssopifolium
1683 1872 1860 1924 Smith.

279 1962 332 2011 lu
372 1962 526 2012 fossis
575 1962 784 2026 aliisque
839 1961 992 2023 loeis,
1056 1961 1229 2026 quibus
1282 1979 1441 2027 aquae
1498 1981 1586 2029 per
1634 1965 1862 2032 hyemem
1900 1987 1980 2018 re-

135 2068 525 2126 stagnaverant:
588 2061 650 2109 ad
687 2059 941 2108 Jaurinum
983 2069 1029 2108 et
1071 2060 1284 2122 Tatam,
1352 2064 1413 2111 ad
1455 2062 1689 2114 Sze'nfall't
1742 2066 1789 2115 iu
1831 2066 1977 2118 Cottu

137 2159 495 2210 Szatmf‘triensi
538 2169 583 2208 et
623 2162 682 2210 ad
724 2160 876 2225 Nagy
915 2158 1168 2227 Baeinyaiin,
1224 2163 1283 2210 ad
1325 2161 1476 2211 Jokut
1517 2163 1725 2229 aliisque
1766 2166 1814 2215 iu
1853 2168 1976 2218 locis

135 2259 310 2309 Cottus
352 2259 714 2310 Tetnesiensis.
792 2259 863 2308 Ad
906 2258 1093 2321 Arf‘tcs,
1144 2260 1339 2324 Fi'ired,
1380 2262 1429 2311 in
1470 2262 1619 2314 salsis
1658 2266 1888 2318 humidis.

815 2443 1279 2501 Pomaceae.

223 2531 380 2610 1171ss
422 2565 622 2620 Pyrus
661 2562 1123 2610 Amelanohier.

273 2660 328 2708 In
370 2659 574 2723 rupibus
616 2659 859 2709 calcareis
900 2661 961 2708 ad
999 2660 1190 2709 luotam
1250 2671 1296 2710 et
1335 2661 1563 2713 Palotam
1603 2663 1777 2715 Cottus
1816 2666 1972 2717 Vesz-

132 2757 415 2820 primiensis
467 2767 512 2805 et
567 2760 625 2806 ad
677 2758 983 2808 Korenicam
1036 2759 1084 2808 in
1137 2760 1264 2809 valle
1320 2761 1492 2813 Vileua
1531 2765 1703 2827 draga.
1793 2764 1969 2815 Cottus

130 2857 519 2907 Trencsinensis
560 2865 720 2906 monte
756 2857 1010 2906 Malenica
1050 2857 1261 2908 Rocliel.

221 2975 371 3037 1172.
423 2991 489 3034 P.
531 2989 897 3046 syrmiensis
937 2986 1072 3036 mihi.

266 3084 411 3133 Rami
464 3093 668 3147 tenues,
719 3086 1075 3150 nigro-fusci,
1129 3087 1317 3152 glabri,
1367 3087 1531 3152 nitidi,
1585 3090 1726 3140 horui
1779 3093 1964 3156 subpu-

126 3184 404 3234 beseentes.
477 3184 624 3233 Folia
664 3197 841 3248 ovata,
881 3186 1192 3250 acuminata,
1234 3198 1454 3252 serrata,
1494 3189 1731 3243 ,dentibus
1770 3208 1964 3240 mucro-

123 3281 285 3344 natis,
317 3282 516 3347 juniora
559 3285 781 3349 utrinque
823 3287 1175 3350 pubescentia,
1233 3305 1319 3350 per
1357 3297 1569 3337 aetatem
1612 3290 1961 3353 calvesceutia,

128 3381 326 3446 petiolis
368 3390 530 3432 tamen
575 3384 751 3449 pilosis
792 3385 1190 3450 persistentibus,
1233 3388 1345 3451 pilis
1387 3388 1581 3452 patulis.
1668 3389 1741 3437 Ad
1779 3389 1958 3443 Velika
