2195 3657
205 135 332 197 276

205 287 431 351 margine
474 283 824 350 pubescentia,
866 282 980 346 pilis
1023 282 1333 333 brevissimis
1373 281 1649 348 appressis.
1702 280 1883 330 Flores
1924 289 1974 330 ut
2010 281 2062 329 in

214 385 420 452 reliquis
462 385 726 450 speciebus
767 399 828 432 ex
854 382 1025 432 axillis
1065 382 1296 432 foliorum
1337 382 1653 446 superiorum
1692 381 1936 430 minorum
1974 396 2063 445 pe-

207 484 475 535 dunculati.
520 481 790 533 Pedum-uli
832 481 1032 548 calyces
1073 481 1399 546 germinaque
1453 493 1539 531 sen
1598 480 1787 547 calycis
1829 479 1931 529 tubi
1972 495 2064 542 pu-

207 581 479 645 bescentia,
521 580 636 645 pilis
680 578 891 645 patulis,
932 578 1194 642 brevibus,
1237 578 1436 641 densis,
1475 579 1683 644 indeque
1725 577 2064 628 canescentia.

204 682 408 748 Calycis
447 680 661 732 laciniae
700 680 1043 742 lanceolatae,
1094 687 1273 729 acutae
1326 681 1774 744 subpubescentes.
1886 676 2065 726 Petala

204 780 399 832 laciniis
440 781 628 848 calycis
669 781 818 846 duplo
860 780 964 829 fere
1017 779 1281 845 longiora,
1346 779 1543 842 biloha,
1605 778 1830 829 violaceo
1856 779 2064 826 -rubra.

202 883 255 932 In
299 882 440 933 silvis
481 882 683 932 caeduis
723 883 784 932 ad
827 879 1076 931 officinam
1118 881 1376 932 vitrariam
1418 878 1682 930 Jankovac
1720 879 1932 940 dictam,
2001 879 2062 928 ad

204 981 470 1032 Drenovac
508 983 556 1031 in
598 981 859 1033 Slavonia.

293 1083 448 1134 1165.
497 1086 573 1131 Ε.
609 1085 915 1141 palustre.

344 1180 385 1229 E
429 1181 610 1245 palude
651 1178 946 1228 Ecsediensi
999 1176 1208 1244 (Ecsedi
1253 1175 1390 1241 Lap)
1441 1174 1666 1225 caulibus
1715 1184 1823 1225 erat
1872 1174 2066 1240 simpli-

204 1277 448 1341 cissimis,
491 1279 612 1341 pede
654 1277 995 1337 brevioribus;
1038 1274 1293 1325 Mauksch
1334 1273 1467 1325 misit
1509 1274 1827 1338 spithamaea
1869 1283 1916 1323 et
1946 1276 2066 1323 sub-

201 1379 402 1445 pedalia
443 1379 751 1443 specimina,
810 1388 857 1426 et
907 1394 1053 1427 tinum
1106 1376 1457 1442 sesquipedale
1509 1377 1595 1439 (ad
1636 1376 1804 1427 fossas
1845 1385 1891 1426 et
1931 1376 2067 1425 rivu-

202 1482 323 1549 los).
399 1479 574 1530 Canlis
616 1488 663 1529 et
707 1479 826 1529 folia
861 1479 909 1528 in
949 1478 1029 1527 liis
1081 1476 1336 1527 levissime
1393 1478 1671 1543 pubescunt
1720 1487 1772 1526 nt
1813 1478 1858 1526 in
1900 1477 2067 1542 speci-

202 1584 332 1632 mine
373 1598 403 1632 a
442 1581 742 1631 Willdenow
784 1580 962 1642 misso,
1004 1578 1127 1628 folia
1165 1577 1494 1641 subsessilia,
1557 1578 1782 1641 alterna,
1833 1593 2067 1642 suprema

205 1683 468 1750 opposita,
511 1682 823 1744 lanceolata,
864 1679 1398 1742 lineari-lanceolata,
1439 1679 1485 1727 in
1528 1680 1805 1729 minoribus
1836 1679 2066 1741 linearia,

204 1787 411 1846 obtusa,
465 1782 808 1848 integerrima.
887 1780 1158 1830 l'eduncnli
1201 1780 1498 1847 calycesquc
1552 1780 1731 1831 incani.
1809 1780 2066 1831 Mauksch

204 1889 263 1936 de
304 1885 494 1952 majore
535 1884 808 1948 specimine
851 1882 1071 1948 quaerit:
1125 1899 1190 1932 an
1228 1883 1450 1931 novum?
1513 1899 1576 1932 an
1611 1883 1882 1949 palustris
1921 1882 2067 1933 van?

205 1987 337 2035 ldem
380 1984 529 2033 etiam
572 1984 705 2034 misit
746 1983 1021 2047 specimina
1065 1998 1297 2043 ramosa,
1362 2000 1448 2046 pro
1497 1991 1817 2047 tetragono,
1882 1990 1928 2029 et
1969 1978 2071 2029 Ge—

205 2085 405 2137 nersich
440 2084 839 2150 glabriuscnlum
881 2101 968 2147 pro
1007 2100 1174 2132 roseo.

349 2187 402 2235 ln
442 2186 634 2235 Fekete
678 2183 787 2248 Τό,
851 2185 1101 2250 uliginoso
1144 2184 1252 2233 lot-o
1296 2184 1493 2233 Mati-ae
1535 2182 1633 2249 legi
1676 2182 1951 2246 specimina
1992 2181 2069 2231 fo-

206 2288 285 2337 liis
342 2287 473 2338 laete
533 2286 773 2336 viridibus
840 2285 1181 2350 integerrimis
1242 2293 1288 2333 et
1351 2284 1575 2334 obsolete
1636 2283 2068 2349 remotissimeque

209 2387 557 2450 denticulatis,
618 2387 910 2437 brevissime
975 2394 1022 2435 et
1074 2386 1187 2449 vix,
1251 2384 1346 2435 nisi
1403 2401 1490 2449 per
1547 2385 1725 2435 lentem
1789 2384 2073 2448 observavi,

211 2488 614 2555 pubescentibus.

863 2628 1404 2700 Halm-agaae.

297 2732 451 2783 1166.
498 2732 808 2791 Hipparis
836 2732 1138 2791 vulgaris.

351 2832 407 2881 In
446 2832 589 2897 aquis
628 2831 758 2880 lente
801 2830 1069 2880 fluentibus
1111 2848 1154 2881 e.
1197 2847 1235 2878 c.
1281 2829 1504 2880 Pestbini
1548 2830 1595 2880 in
1638 2829 1742 2880 rivo
1785 2830 1981 2892 Rakos,
2022 2831 2068 2880 in

207 2933 458 2984 Comitatu
500 2932 874 2998 Veszprimensi
915 2931 965 2981 in
1004 2949 1148 2982 amne
1190 2931 1297 2982 Sio.

853 3083 1405 3153 Lythrarieae.

300 3202 455 3255 1167.
503 3204 721 3262 Peplis
764 3204 1046 3250 Portula.

350 3303 405 3354 In
441 3302 647 3369 aquosis
707 3310 753 3351 et
797 3300 1047 3350 inundatis
1091 3317 1131 3349 e.
1175 3317 1218 3352 c.
1261 3298 1483 3357 Tibisci,
1554 3299 1753 3365 Chrysii
1807 3301 1870 3348 ad
1910 3298 2069 3349 Boros

209 3402 360 3469 Jenii,
413 3406 463 3454 in
503 3404 632 3456 silva
671 3404 731 3454 ad
772 3401 1038 3453 Borbolam
1083 3400 1140 3451 C.
1183 3400 1572 3468 Soproniensis,
1630 3400 1677 3450 in
1720 3399 1916 3451 Banatu
1956 3415 2070 3450 ver-
