2195 3657
1849 147 1873 206 l
1898 149 1917 206 Ι
1941 149 1960 206 Ι

201 288 319 338 504.
360 292 422 338 (3.
462 293 753 348 agrestis.
795 289 865 337 ΡΙ.
907 305 1006 341 rar.
1048 290 1214 355 Han-g.
1240 291 1327 342 111.
1366 300 1398 344 t.
1424 292 1542 342 220.

274 388 327 436 ln
364 388 593 451 agris-et
635 389 788 452 pratis
829 387 885 436 C.
927 387 1299 450 Szaladieusis,
1358 398 1506 456 atque
1547 391 1595 440 iu
1632 392 1743 457 ipso
1783 396 1966 444 vertici-e

133 485 310 534 montis
351 486 637 547 Badacson,
677 486 726 536 in
766 486 990 540 Croatia.

202 585 322 635 505.
361 588 424 634 (3.
464 591 730 643 pulchra
769 603 898 635 nuuc
936 592 1335 638 Prenanthes
1375 593 1803 642 hieraeifolia.

271 683 465 734 Crescit
519 702 644 749 pone
683 685 905 752 Magyar
943 675 1076 751 Ureg
1116 686 1171 738 C.
1212 688 1548 755 Bai-anyeusis
1600 691 1725 740 inter
1767 692 1970 742 frutices

132 791 179 832 et
216 783 264 832 in
305 782 364 835 C.
401 784 680 843 Honthensi
721 787 781 836 ad
834 785 1006 835 vineas
1047 803 1142 835 non
1183 790 1354 850 procul
1397 788 1536 855 lpoly
1576 807 1733 840 amno.

199 884 318 935 506.
343 886 419 932 ί).
457 887 735 941 biennis,
775 888 840 937 (Ἰ.
880 889 1163 934 croatica
1196 886 1334 940 mihi.

273 983 326 1032 ln
365 983 588 1045 Bauatu‚
628 983 856 1050 Syrmio,
897 984 1127 1048 Croatia,
1168 985 1431 1051 Scepusio.

201 1082 321 1133 507.
362 1086 425 1133 (3.
463 1086 879 1135 Dioscoridis.

273 1182 746 1234 A-Sohwarzmauu
798 1186 858 1234 ad
899 1185 1198 1250 Mayordorf
1241 1186 1371 1235 lecta
1426 1194 1472 1236 et
1526 1203 1714 1237 mecum
1756 1206 1973 1239 rounnu-

131 1281 329 1348 nicata,
365 1298 395 1332 a
432 1281 723 1332 Lumuitzer
764 1301 850 1347 pro
891 1301 1020 1334 nova
1058 1284 1247 1336 habita.

200 1380 321 1432 508.
360 1384 728 1431 meracium
766 1399 1046 1433 aureum.

271 1480 436 1532 Radix
478 1490 675 1545 tenera,
715 1483 1006 1547 nigricans,
1056 1483 1226 1548 paucis
1266 1483 1404 1534 fibris
1447 1485 1652 1548 vestita,
1707 1487 1975 1537 roininuui-

133 1588 206 1628 ter
244 1579 293 1629 in
331 1579 428 1630 fine
469 1589 698 1632 truncata
735 1587 1048 1645 (praemorsa
1088 1584 1357 1633 secundum
1397 1583 1570 1649 alios).
1613 1585 1757 1635 Folia
1786 1597 1976 1648 tonora,

136 1692 319 1739 parva,
367 1676 574 1742 glabra,
623 1678 782 1726 lucide
826 1679 1062 1739 virentia,
1119 1679 1362 1744 oblonga,
1416 1681 1525 1745 plus
1574 1681 1734 1732 miuus
1775 1685 1975 1734 dentata

131 1784 215 1825 ant
268 1775 374 1827 basi
423 1775 650 1837 sinuata,
711 1776 855 1843 apice
910 1778 1175 1829 rotundam
1215 1795 1323 1828 eum
1373 1796 1637 1843 mucrone,
1689 1781 1974 1848 plerumque

134 1869 561 1935 sesquipollicaris
597 1871 952 1940 longitudinis,
990 1890 1103 1924 raro
1145 1875 1581 1941 quadi-ipollicaria
1621 1879 1749 1941 (soc.
1796 1879 1974 1930 Schul-

136 1980 209 2020 tes
266 1970 447 2022 similia
507 1971 606 2021 illis
659 1972 918 2024 Taraxaci
969 1974 1056 2025 sed
1107 1974 1300 2025 minora
1359 1984 1405 2024 et
1463 1977 1748 2040 obtusiora,
1813 1980 1975 2044 qualia

137 2068 280 2119 Linn.
323 2069 601 2133 describit).
679 2070 875 2135 Scapus
916 2089 1040 2122 uuus
1079 2074 1174 2123 2ve
1215 2082 1346 2123 teres
1387 2075 1591 2126 striatus
1632 2076 1822 2126 inferne
1863 2077 1974 2141 gla-

136 2170 248 2225 ber,
309 2184 484 2218 versus
534 2168 796 2232 superiora
851 2169 962 2234 pilis
1003 2170 1125 2221 atris
1164 2170 1420 2236 hispidus,
1475 2172 1762 2240 fistulosus,
1818 2175 1977 2239 ligula

139 2284 234 2318 uua
272 2270 494 2319 alterave
533 2268 786 2330 munituS,
823 2268 1022 2321 3-10
1060 2270 1218 2321 lineas
1259 2271 1389 2322 altus
1428 2272 1857 2338 simplicissimuS,
1896 2292 1977 2325 ra-

137 2368 330 2418 rissime
371 2386 433 2418 ex
476 2385 610 2418 ramo
652 2369 873 2419 bissorus.
987 2370 1126 2436 Jacq.
1181 2381 1309 2423 aust.
1347 2373 1480 2434 2973
1541 2384 1736 2435 rectus,
1796 2374 1976 2436 brevis,

137 2468 420 2534 nigricans,
470 2470 793 2519 communiter
831 2470 990 2519 nudus
1031 2470 1165 2539 (sine
1206 2472 1460 2537 squamis,
1511 2473 1849 2538 alf-pullicenis
1891 2491 1977 2540 pe·-

137 2568 352 2631 dalisve,
403 2571 673 2619 secundum
715 2568 940 2635 Villars).
1028 2568 1190 2636 Calyx
1244 2571 1348 2621 basi
1403 2558 1543 2638 quasi
1595 2582 1850 2623 truncatus
1890 2590 1978 2637 per

137 2666 349 2720 subitam
390 2669 729 2721 dilatationem
770 2668 1059 2737 pedunculi,
1100 2679 1232 2721 totus
1272 2671 1442 2737 uigor,
1482 2672 1784 2737 compositus
1826 2689 1977 2738 squa-

139 2770 227 2819 mis
271 2769 494 2821 12—13
531 2770 871 2835 longioribus,
930 2779 977 2819 et
1015 2771 1180 2821 5—6
1221 2771 1330 2834 plus
1358 2762 1500 2837 quam
1541 2760 1739 2822 diiuidio
1782 2774 1976 2822 brevio-

138 2869 299 2933 ribus,
338 2870 449 2919 aliis
488 2870 758 2935 applicatis
800 2869 1061 2937 (Villars);
1095 2848 1324 2937 'squamis
1365 2888 1428 2921 ex
1459 2872 1978 2925 ‚lanceolam-oblon-

138 2972 244 3035 giS,
285 2971 472 3034 acutis,
512 2988 576 3020 ex
613 2971 794 3036 nigro*
810 2971 1084 3022 virentibus
1100 3009 1123 3034 ‚‚
1155 2972 1269 3036 pilis
1309 2973 1433 3023 atris
1472 2972 1701 3038 hispidis.
1776 2974 1976 3039 Pappus

137 3069 359 3132 sessilis,
398 3068 800 3134 simplicissimus
841 3071 1046 3138 (Jacq.).
1124 3070 1356 3130 Corollae
1395 3089 1609 3136 aureae,
1653 3075 1842 3123 subtusv
1868 3089 1978 3121 cro-

140 3183 258 3217 ceae
309 3167 639 3231 (Schultes),
699 3168 1101 3230 rubro-suscae,
1171 3168 1431 3219 aurantiae
1493 3180 1579 3219 aut
1642 3170 1972 3234 ferrugineas.

140 3267 343 3319 Semina
382 3267 632 3321 levissime
672 3268 876 3332 striata,
927 3269 1058 3319 rufa.
1133 3268 1522 3334 Receptaculum
1561 3271 1740 3320 nudum
1781 3283 1975 3331 semper

140 3364 372 3430 apparuit
409 3363 660 3416 Villarsio.
735 3364 957 3416 Habitat,
982 3374 1173 3426 montes
1213 3366 1502 3418 altissimos,
