<?xml version="1.0" encoding="UTF-8"?>
<!DOCTYPE html PUBLIC "-//W3C//DTD XHTML 1.0 Transitional//EN"
    "http://www.w3.org/TR/xhtml1/DTD/xhtml1-transitional.dtd">
<html xmlns="http://www.w3.org/1999/xhtml" xml:lang="en" lang="en">
 <head>
  <title>
</title>
<meta http-equiv="Content-Type" content="text/html;charset=utf-8" />
  <meta name='ocr-system' content='tesseract 3.04.00' />
  <meta name='ocr-capabilities' content='ocr_page ocr_carea ocr_par ocr_line ocrx_word'/>
</head>
<body>
  <div class='ocr_page' id='page_1' title='image "./additamentaadflo00kita_0237.png"; bbox 0 0 2195 3657; ppageno 0'>
   <div class='ocr_carea' id='block_1_1' title="bbox 1853 126 1975 189">
    <p class='ocr_par' dir='ltr' id='par_1_1' title="bbox 1853 126 1975 189">
     <span class='ocr_line' id='line_1_1' title="bbox 1853 126 1975 189; baseline 0 -3"><span class='ocrx_word' id='word_1_1' title='bbox 1853 126 1975 189; x_wconf 77' lang='lat'><strong>231</strong></span> 
     </span>
    </p>
   </div>
   <div class='ocr_carea' id='block_1_2' title="bbox 143 275 1982 1040">
    <p class='ocr_par' dir='ltr' id='par_1_2' title="bbox 143 275 1982 1040">
     <span class='ocr_line' id='line_1_2' title="bbox 147 275 1979 346; baseline -0.005 -15"><span class='ocrx_word' id='word_1_2' title='bbox 147 282 291 342; x_wconf 81' lang='lat' dir='ltr'><strong>dicit3</strong></span> <span class='ocrx_word' id='word_1_3' title='bbox 336 299 455 346; x_wconf 83' lang='lat' dir='ltr'><strong>ergo</strong></span> <span class='ocrx_word' id='word_1_4' title='bbox 496 289 640 331; x_wconf 88' lang='lat' dir='ltr'><strong>nota:</strong></span> <span class='ocrx_word' id='word_1_5' title='bbox 681 280 822 331; x_wconf 78' lang='lat' dir='ltr'><strong>caule</strong></span> <span class='ocrx_word' id='word_1_6' title='bbox 864 280 1162 328; x_wconf 83' lang='lat' dir='ltr'><strong>ascendente</strong></span> <span class='ocrx_word' id='word_1_7' title='bbox 1204 278 1429 329; x_wconf 86' lang='lat' dir='ltr'><strong>delenda.</strong></span> <span class='ocrx_word' id='word_1_8' title='bbox 1481 276 1535 325; x_wconf 90' lang='lat' dir='ltr'><strong>ln</strong></span> <span class='ocrx_word' id='word_1_9' title='bbox 1574 275 1816 328; x_wconf 77' lang='lat' dir='ltr'><strong>montosis</strong></span> <span class='ocrx_word' id='word_1_10' title='bbox 1843 275 1979 340; x_wconf 82' lang='lat' dir='ltr'><strong>apri-</strong></span> 
     </span>
     <span class='ocr_line' id='line_1_3' title="bbox 146 374 1979 439; baseline -0.004 -9"><span class='ocrx_word' id='word_1_11' title='bbox 146 382 217 431; x_wconf 88' lang='lat' dir='ltr'><strong>cis</strong></span> <span class='ocrx_word' id='word_1_12' title='bbox 257 381 401 430; x_wconf 83' lang='lat' dir='ltr'><strong>etiam</strong></span> <span class='ocrx_word' id='word_1_13' title='bbox 441 380 490 429; x_wconf 90' lang='lat' dir='ltr'><strong>in</strong></span> <span class='ocrx_word' id='word_1_14' title='bbox 529 379 668 429; x_wconf 83' lang='lat' dir='ltr'><strong>silvis</strong></span> <span class='ocrx_word' id='word_1_15' title='bbox 706 379 900 439; x_wconf 80' lang='lat' dir='ltr'>Eudae,</span> <span class='ocrx_word' id='word_1_16' title='bbox 940 379 1002 427; x_wconf 89' lang='lat' dir='ltr'><strong>ad</strong></span> <span class='ocrx_word' id='word_1_17' title='bbox 1038 376 1314 439; x_wconf 76' lang='lat' dir='ltr'><strong>Hansabeg</strong></span> <span class='ocrx_word' id='word_1_18' title='bbox 1351 377 1441 426; x_wconf 90' lang='lat' dir='ltr'><strong>sub</strong></span> <span class='ocrx_word' id='word_1_19' title='bbox 1481 374 1654 424; x_wconf 85' lang='lat' dir='ltr'><strong>vineis.</strong></span> <span class='ocrx_word' id='word_1_20' title='bbox 1730 374 1787 423; x_wconf 93' lang='lat' dir='ltr'><strong>ln</strong></span> <span class='ocrx_word' id='word_1_21' title='bbox 1818 382 1979 424; x_wconf 88' lang='lat' dir='ltr'><strong>monte</strong></span> 
     </span>
     <span class='ocr_line' id='line_1_4' title="bbox 146 474 1980 540; baseline -0.004 -10"><span class='ocrx_word' id='word_1_22' title='bbox 146 480 430 530; x_wconf 87' lang='lat' dir='ltr'><strong>Gizdenovo</strong></span> <span class='ocrx_word' id='word_1_23' title='bbox 456 479 583 527; x_wconf 86' lang='lat' dir='ltr'><strong>Brdo</strong></span> <span class='ocrx_word' id='word_1_24' title='bbox 623 494 776 540; x_wconf 85' lang='lat' dir='ltr'><strong>supra</strong></span> <span class='ocrx_word' id='word_1_25' title='bbox 803 477 1134 527; x_wconf 75' lang='lat' dir='ltr'><strong>Oraliovicam</strong></span> <span class='ocrx_word' id='word_1_26' title='bbox 1160 475 1430 525; x_wconf 84' lang='lat' dir='ltr'><strong>Slavouiae</strong></span> <span class='ocrx_word' id='word_1_27' title='bbox 1471 474 1702 523; x_wconf 83' lang='lat' dir='ltr'><strong>occurrit.</strong></span> <span class='ocrx_word' id='word_1_28' title='bbox 1762 477 1813 537; x_wconf 84' lang='grc' dir='ltr'><strong>β.</strong></span> <span class='ocrx_word' id='word_1_29' title='bbox 1851 490 1980 523; x_wconf 74' lang='grc' dir='ltr'><em>σατι-</em></span> 
     </span>
     <span class='ocr_line' id='line_1_5' title="bbox 143 574 1982 640; baseline -0.004 -12"><span class='ocrx_word' id='word_1_30' title='bbox 143 578 280 630; x_wconf 80' lang='lat' dir='ltr'><strong>libus</strong></span> <span class='ocrx_word' id='word_1_31' title='bbox 318 576 655 628; x_wconf 75' lang='lat' dir='ltr'><strong>brevioribus</strong></span> <span class='ocrx_word' id='word_1_32' title='bbox 696 576 926 640; x_wconf 83' lang='lat' dir='ltr'><strong>foliisque</strong></span> <span class='ocrx_word' id='word_1_33' title='bbox 973 575 1262 624; x_wconf 82' lang='lat' dir='ltr'><strong>brevissime</strong></span> <span class='ocrx_word' id='word_1_34' title='bbox 1305 574 1718 636; x_wconf 78' lang='lat' dir='ltr'><strong>pubescentibus,</strong></span> <span class='ocrx_word' id='word_1_35' title='bbox 1766 575 1982 626; x_wconf 83' lang='lat' dir='ltr'><strong>adeout</strong></span> 
     </span>
     <span class='ocr_line' id='line_1_6' title="bbox 143 672 1980 740; baseline -0.003 -13"><span class='ocrx_word' id='word_1_36' title='bbox 143 677 336 727; x_wconf 89' lang='lat' dir='ltr'><strong>nonnisi</strong></span> <span class='ocrx_word' id='word_1_37' title='bbox 380 693 466 740; x_wconf 83' lang='lat' dir='ltr'><strong>per</strong></span> <span class='ocrx_word' id='word_1_38' title='bbox 503 676 682 725; x_wconf 86' lang='lat' dir='ltr'><strong>lentem</strong></span> <span class='ocrx_word' id='word_1_39' title='bbox 719 675 802 739; x_wconf 90' lang='lat' dir='ltr'><strong>pili</strong></span> <span class='ocrx_word' id='word_1_40' title='bbox 837 674 1115 723; x_wconf 82' lang='lat' dir='ltr'><strong>brevissimi</strong></span> <span class='ocrx_word' id='word_1_41' title='bbox 1155 674 1408 724; x_wconf 79' lang='lat' dir='ltr'><strong>observari</strong></span> <span class='ocrx_word' id='word_1_42' title='bbox 1450 673 1675 737; x_wconf 77' lang='lat' dir='ltr'><strong>possint3</strong></span> <span class='ocrx_word' id='word_1_43' title='bbox 1714 672 1848 723; x_wconf 85' lang='lat' dir='ltr'><strong>foliis</strong></span> <span class='ocrx_word' id='word_1_44' title='bbox 1884 690 1980 722; x_wconf 86' lang='lat' dir='ltr'><strong>non</strong></span> 
     </span>
     <span class='ocr_line' id='line_1_7' title="bbox 144 772 1982 837; baseline -0.002 -11"><span class='ocrx_word' id='word_1_45' title='bbox 144 785 329 828; x_wconf 86' lang='lat' dir='ltr'><strong>tantum</strong></span> <span class='ocrx_word' id='word_1_46' title='bbox 374 775 700 835; x_wconf 84' lang='lat' dir='ltr'><strong>radicalibus,</strong></span> <span class='ocrx_word' id='word_1_47' title='bbox 741 776 826 823; x_wconf 89' lang='lat' dir='ltr'><strong>sed</strong></span> <span class='ocrx_word' id='word_1_48' title='bbox 861 782 907 821; x_wconf 87' lang='lat' dir='ltr'><strong>et</strong></span> <span class='ocrx_word' id='word_1_49' title='bbox 948 772 1158 822; x_wconf 80' lang='lat' dir='ltr'><strong>caulinis</strong></span> <span class='ocrx_word' id='word_1_50' title='bbox 1201 772 1478 837; x_wconf 66' lang='lat' dir='ltr'><strong>postulatis,</strong></span> <span class='ocrx_word' id='word_1_51' title='bbox 1518 782 1793 833; x_wconf 84' lang='lat' dir='ltr'><strong>caeterum,</strong></span> <span class='ocrx_word' id='word_1_52' title='bbox 1846 782 1897 822; x_wconf 93' lang='lat' dir='ltr'><strong>ut</strong></span> <span class='ocrx_word' id='word_1_53' title='bbox 1935 773 1982 822; x_wconf 92' lang='lat' dir='ltr'><strong>in</strong></span> 
     </span>
     <span class='ocr_line' id='line_1_8' title="bbox 145 872 1982 939; baseline 0.001 -16"><span class='ocrx_word' id='word_1_54' title='bbox 145 875 427 926; x_wconf 81' lang='lat' dir='ltr'><strong>definitione</strong></span> <span class='ocrx_word' id='word_1_55' title='bbox 470 883 682 939; x_wconf 88' lang='lat' dir='ltr'><strong>ponunt,</strong></span> <span class='ocrx_word' id='word_1_56' title='bbox 721 873 931 923; x_wconf 77' lang='lat' dir='ltr'><strong>scabris.</strong></span> <span class='ocrx_word' id='word_1_57' title='bbox 1019 873 1074 922; x_wconf 90' lang='lat' dir='ltr'><strong>In</strong></span> <span class='ocrx_word' id='word_1_58' title='bbox 1110 873 1296 936; x_wconf 89' lang='lat' dir='ltr'><strong>alpium</strong></span> <span class='ocrx_word' id='word_1_59' title='bbox 1334 873 1527 938; x_wconf 83' lang='lat' dir='ltr'><strong>Rosaly</strong></span> <span class='ocrx_word' id='word_1_60' title='bbox 1567 880 1613 921; x_wconf 88' lang='lat' dir='ltr'><strong>et</strong></span> <span class='ocrx_word' id='word_1_61' title='bbox 1655 872 1826 923; x_wconf 90' lang='lat' dir='ltr'><strong>Guttin</strong></span> <span class='ocrx_word' id='word_1_62' title='bbox 1864 890 1982 939; x_wconf 82' lang='lat' dir='ltr'><strong>gra-</strong></span> 
     </span>
     <span class='ocr_line' id='line_1_9' title="bbox 143 972 1980 1040; baseline -0.002 -15"><span class='ocrx_word' id='word_1_63' title='bbox 143 975 364 1025; x_wconf 86' lang='lat' dir='ltr'><strong>minosis.</strong></span> <span class='ocrx_word' id='word_1_64' title='bbox 449 997 495 1040; x_wconf 80' lang='grc' dir='ltr'><strong>γ.</strong></span> <span class='ocrx_word' id='word_1_65' title='bbox 545 974 810 1024; x_wconf 74' lang='lat' dir='ltr'><strong>hirsutior</strong></span> <span class='ocrx_word' id='word_1_66' title='bbox 862 981 908 1020; x_wconf 86' lang='lat' dir='ltr'><strong>et</strong></span> <span class='ocrx_word' id='word_1_67' title='bbox 958 975 1120 1021; x_wconf 87' lang='lat' dir='ltr'><strong>serius</strong></span> <span class='ocrx_word' id='word_1_68' title='bbox 1175 972 1357 1021; x_wconf 87' lang='lat' dir='ltr'><strong>florens</strong></span> <span class='ocrx_word' id='word_1_69' title='bbox 1406 972 1653 1036; x_wconf 86' lang='lat' dir='ltr'><strong>(nimirum</strong></span> <span class='ocrx_word' id='word_1_70' title='bbox 1703 974 1793 1022; x_wconf 88' lang='lat' dir='ltr'><strong>sub</strong></span> <span class='ocrx_word' id='word_1_71' title='bbox 1835 972 1980 1022; x_wconf 87' lang='lat' dir='ltr'><strong>finem</strong></span> 
     </span>
    </p>
   </div>
   <div class='ocr_carea' id='block_1_3' title="bbox 141 1070 1017 1138">
    <p class='ocr_par' dir='ltr' id='par_1_3' title="bbox 141 1070 1017 1138">
     <span class='ocr_line' id='line_1_10' title="bbox 141 1070 1017 1138; baseline -0.005 -14"><span class='ocrx_word' id='word_1_72' title='bbox 141 1075 294 1138; x_wconf 85' lang='lat' dir='ltr'><strong>Junii)</strong></span> <span class='ocrx_word' id='word_1_73' title='bbox 333 1075 383 1122; x_wconf 90' lang='lat' dir='ltr'><strong>in</strong></span> <span class='ocrx_word' id='word_1_74' title='bbox 423 1072 549 1122; x_wconf 85' lang='lat' dir='ltr'><strong>silva</strong></span> <span class='ocrx_word' id='word_1_75' title='bbox 591 1070 1017 1121; x_wconf 82' lang='lat' dir='ltr'><strong>Temesvariensi.</strong></span> 
     </span>
    </p>
   </div>
   <div class='ocr_carea' id='block_1_4' title="bbox 217 1178 1617 1245">
    <p class='ocr_par' dir='ltr' id='par_1_4' title="bbox 217 1178 1617 1245">
     <span class='ocr_line' id='line_1_11' title="bbox 217 1178 1617 1245; baseline -0.004 -10"><span class='ocrx_word' id='word_1_76' title='bbox 217 1184 368 1237; x_wconf 89' lang='grc'><strong>1000.</strong></span> <span class='ocrx_word' id='word_1_77' title='bbox 407 1188 464 1232; x_wconf 87' lang='lat' dir='ltr'><strong>S.</strong></span> <span class='ocrx_word' id='word_1_78' title='bbox 503 1186 802 1231; x_wconf 78' lang='lat' dir='ltr'><strong>infracta.</strong></span> <span class='ocrx_word' id='word_1_79' title='bbox 863 1181 935 1230; x_wconf 88' lang='grc' dir='ltr'><strong>ΡΙ.</strong></span> <span class='ocrx_word' id='word_1_80' title='bbox 977 1196 1076 1229; x_wconf 86' lang='lat' dir='ltr'><strong>rar.</strong></span> <span class='ocrx_word' id='word_1_81' title='bbox 1116 1178 1284 1245; x_wconf 80' lang='lat' dir='ltr'><strong>Huug.</strong></span> <span class='ocrx_word' id='word_1_82' title='bbox 1308 1180 1391 1228; x_wconf 89' lang='lat' dir='ltr'><strong>Ill.</strong></span> <span class='ocrx_word' id='word_1_83' title='bbox 1435 1187 1469 1233; x_wconf 80' lang='lat' dir='ltr'><strong>t.</strong></span> <span class='ocrx_word' id='word_1_84' title='bbox 1496 1181 1617 1232; x_wconf 74' lang='lat'><strong>213.</strong></span> 
     </span>
    </p>
   </div>
   <div class='ocr_carea' id='block_1_5' title="bbox 284 1278 1229 1344">
    <p class='ocr_par' dir='ltr' id='par_1_5' title="bbox 284 1278 1229 1344">
     <span class='ocr_line' id='line_1_12' title="bbox 284 1278 1229 1344; baseline -0.004 -16"><span class='ocrx_word' id='word_1_85' title='bbox 284 1283 337 1330; x_wconf 91' lang='lat' dir='ltr'><strong>ln</strong></span> <span class='ocrx_word' id='word_1_86' title='bbox 372 1279 634 1344; x_wconf 88' lang='lat' dir='ltr'><strong>Scepusio.</strong></span> <span class='ocrx_word' id='word_1_87' title='bbox 711 1278 996 1342; x_wconf 86' lang='lat' dir='ltr'><strong>Specimina</strong></span> <span class='ocrx_word' id='word_1_88' title='bbox 1037 1279 1229 1326; x_wconf 85' lang='lat' dir='ltr'><strong>desunt.</strong></span> 
     </span>
    </p>
   </div>
   <div class='ocr_carea' id='block_1_6' title="bbox 217 1387 1983 1549">
    <p class='ocr_par' dir='ltr' id='par_1_6' title="bbox 217 1387 1983 1549">
     <span class='ocr_line' id='line_1_13' title="bbox 217 1387 1961 1451; baseline -0.002 -11"><span class='ocrx_word' id='word_1_89' title='bbox 217 1389 368 1440; x_wconf 89' lang='grc'><strong>1001.</strong></span> <span class='ocrx_word' id='word_1_90' title='bbox 409 1394 465 1438; x_wconf 91' lang='lat' dir='ltr'><strong>S.</strong></span> <span class='ocrx_word' id='word_1_91' title='bbox 504 1393 857 1449; x_wconf 77' lang='lat' dir='ltr'><strong>longissora.</strong></span> <span class='ocrx_word' id='word_1_92' title='bbox 915 1388 987 1437; x_wconf 93' lang='lat' dir='ltr'><strong>Pl.</strong></span> <span class='ocrx_word' id='word_1_93' title='bbox 1032 1405 1128 1436; x_wconf 84' lang='lat' dir='ltr'><strong>rar.</strong></span> <span class='ocrx_word' id='word_1_94' title='bbox 1173 1387 1336 1451; x_wconf 84' lang='lat' dir='ltr'><strong>Huug.</strong></span> <span class='ocrx_word' id='word_1_95' title='bbox 1366 1388 1402 1437; x_wconf 87' lang='lat' dir='ltr'><strong>l.</strong></span> <span class='ocrx_word' id='word_1_96' title='bbox 1439 1395 1472 1437; x_wconf 89' lang='lat' dir='ltr'><strong>t.</strong></span> <span class='ocrx_word' id='word_1_97' title='bbox 1497 1388 1546 1438; x_wconf 83' lang='lat'><strong>8.</strong></span> <span class='ocrx_word' id='word_1_98' title='bbox 1588 1395 1634 1435; x_wconf 79' lang='lat' dir='ltr'><strong>et</strong></span> <span class='ocrx_word' id='word_1_99' title='bbox 1673 1387 1910 1437; x_wconf 79' lang='lat' dir='ltr'><strong>Ehrhart.</strong></span> <span class='ocrx_word' id='word_1_100' title='bbox 1958 1422 1961 1425; x_wconf 96' lang='lat'>-</span> 
     </span>
     <span class='ocr_line' id='line_1_14' title="bbox 284 1484 1983 1549; baseline 0 -14"><span class='ocrx_word' id='word_1_101' title='bbox 284 1487 417 1535; x_wconf 84' lang='lat' dir='ltr'><strong>luter</strong></span> <span class='ocrx_word' id='word_1_102' title='bbox 468 1486 623 1536; x_wconf 85' lang='lat' dir='ltr'><strong>silvas</strong></span> <span class='ocrx_word' id='word_1_103' title='bbox 672 1486 958 1547; x_wconf 86' lang='lat' dir='ltr'><strong>Budeuses,</strong></span> <span class='ocrx_word' id='word_1_104' title='bbox 1020 1485 1142 1534; x_wconf 84' lang='lat' dir='ltr'><strong>locis</strong></span> <span class='ocrx_word' id='word_1_105' title='bbox 1194 1485 1343 1533; x_wconf 83' lang='lat' dir='ltr'><strong>etiam</strong></span> <span class='ocrx_word' id='word_1_106' title='bbox 1398 1484 1667 1549; x_wconf 72' lang='lat' dir='ltr'><strong>lapidosis,</strong></span> <span class='ocrx_word' id='word_1_107' title='bbox 1728 1485 1776 1533; x_wconf 91' lang='lat' dir='ltr'><strong>iu</strong></span> <span class='ocrx_word' id='word_1_108' title='bbox 1829 1485 1983 1549; x_wconf 79' lang='lat' dir='ltr'><strong>pratis</strong></span> 
     </span>
    </p>
   </div>
   <div class='ocr_carea' id='block_1_7' title="bbox 144 1582 1886 1648">
    <p class='ocr_par' dir='ltr' id='par_1_7' title="bbox 144 1582 1886 1648">
     <span class='ocr_line' id='line_1_15' title="bbox 144 1582 1886 1648; baseline -0.002 -13"><span class='ocrx_word' id='word_1_109' title='bbox 144 1587 365 1637; x_wconf 85' lang='lat' dir='ltr'><strong>Banatus</strong></span> <span class='ocrx_word' id='word_1_110' title='bbox 407 1603 448 1634; x_wconf 91' lang='lat' dir='ltr'><strong>e.</strong></span> <span class='ocrx_word' id='word_1_111' title='bbox 492 1602 533 1635; x_wconf 75' lang='lat' dir='ltr'><strong>e.</strong></span> <span class='ocrx_word' id='word_1_112' title='bbox 574 1586 622 1634; x_wconf 93' lang='lat' dir='ltr'><strong>in</strong></span> <span class='ocrx_word' id='word_1_113' title='bbox 663 1585 844 1634; x_wconf 86' lang='lat' dir='ltr'><strong>silvam</strong></span> <span class='ocrx_word' id='word_1_114' title='bbox 882 1585 1218 1635; x_wconf 84' lang='lat' dir='ltr'><strong>Jakubensem</strong></span> <span class='ocrx_word' id='word_1_115' title='bbox 1256 1601 1353 1633; x_wconf 89' lang='lat' dir='ltr'><strong>non</strong></span> <span class='ocrx_word' id='word_1_116' title='bbox 1396 1583 1577 1648; x_wconf 67' lang='lat' dir='ltr'><strong>proenl‘</strong></span> <span class='ocrx_word' id='word_1_117' title='bbox 1605 1582 1886 1634; x_wconf 75' lang='lat' dir='ltr'><strong>Pancsova.</strong></span> 
     </span>
    </p>
   </div>
   <div class='ocr_carea' id='block_1_8' title="bbox 226 1706 1985 1873">
    <p class='ocr_par' dir='ltr' id='par_1_8' title="bbox 226 1706 1985 1873">
     <span class='ocr_line' id='line_1_16' title="bbox 226 1706 889 1757; baseline 0.002 -1"><span class='ocrx_word' id='word_1_118' title='bbox 226 1706 376 1757; x_wconf 75' lang='lat'><strong>1002.</strong></span> <span class='ocrx_word' id='word_1_119' title='bbox 415 1711 472 1756; x_wconf 91' lang='lat' dir='ltr'><strong>S.</strong></span> <span class='ocrx_word' id='word_1_120' title='bbox 512 1709 889 1757; x_wconf 76' lang='lat' dir='ltr'><strong>viriuiflora.</strong></span> 
     </span>
     <span class='ocr_line' id='line_1_17' title="bbox 285 1805 1985 1873; baseline 0.002 -19"><span class='ocrx_word' id='word_1_121' title='bbox 285 1806 335 1854; x_wconf 90' lang='lat' dir='ltr'><strong>In</strong></span> <span class='ocrx_word' id='word_1_122' title='bbox 377 1806 516 1856; x_wconf 87' lang='lat' dir='ltr'><strong>silvis</strong></span> <span class='ocrx_word' id='word_1_123' title='bbox 558 1815 603 1856; x_wconf 89' lang='lat' dir='ltr'><strong>et</strong></span> <span class='ocrx_word' id='word_1_124' title='bbox 641 1806 884 1856; x_wconf 76' lang='lat' dir='ltr'><strong>fruticetis</strong></span> <span class='ocrx_word' id='word_1_125' title='bbox 926 1805 1101 1856; x_wconf 89' lang='lat' dir='ltr'><strong>Cottus</strong></span> <span class='ocrx_word' id='word_1_126' title='bbox 1155 1806 1526 1869; x_wconf 80' lang='lat' dir='ltr'><strong>Szaladiensis‚</strong></span> <span class='ocrx_word' id='word_1_127' title='bbox 1586 1807 1985 1873; x_wconf 78' lang='lat' dir='ltr'><strong>Siimeghiensis,</strong></span> 
     </span>
    </p>
   </div>
   <div class='ocr_carea' id='block_1_9' title="bbox 144 1906 1982 2057">
    <p class='ocr_par' dir='ltr' id='par_1_9' title="bbox 144 1906 1982 2057">
     <span class='ocr_line' id='line_1_18' title="bbox 144 1906 1982 1974; baseline 0.001 -18"><span class='ocrx_word' id='word_1_128' title='bbox 144 1906 481 1973; x_wconf 86' lang='lat' dir='ltr'><strong>Syrmieusis,</strong></span> <span class='ocrx_word' id='word_1_129' title='bbox 546 1907 883 1972; x_wconf 77' lang='lat' dir='ltr'><strong>Baranyensis</strong></span> <span class='ocrx_word' id='word_1_130' title='bbox 935 1918 981 1955; x_wconf 86' lang='lat' dir='ltr'><strong>et</strong></span> <span class='ocrx_word' id='word_1_131' title='bbox 1019 1907 1257 1957; x_wconf 83' lang='lat' dir='ltr'><strong>Banatus.</strong></span> <span class='ocrx_word' id='word_1_132' title='bbox 1369 1909 1409 1956; x_wconf 88' lang='lat' dir='ltr'>A</span> <span class='ocrx_word' id='word_1_133' title='bbox 1462 1908 1643 1974; x_wconf 83' lang='lat' dir='ltr'><strong>Wolny</strong></span> <span class='ocrx_word' id='word_1_134' title='bbox 1693 1908 1842 1958; x_wconf 88' lang='lat' dir='ltr'><strong>missa</strong></span> <span class='ocrx_word' id='word_1_135' title='bbox 1892 1911 1982 1958; x_wconf 87' lang='lat' dir='ltr'><strong>sub</strong></span> 
     </span>
     <span class='ocr_line' id='line_1_19' title="bbox 144 2007 316 2057; baseline 0 -4"><span class='ocrx_word' id='word_1_136' title='bbox 144 2022 188 2053; x_wconf 91' lang='lat' dir='ltr'><strong>n.</strong></span> <span class='ocrx_word' id='word_1_137' title='bbox 231 2007 316 2057; x_wconf 78' lang='lat'><strong>48.</strong></span> 
     </span>
    </p>
   </div>
   <div class='ocr_carea' id='block_1_10' title="bbox 142 2104 1985 2379">
    <p class='ocr_par' dir='ltr' id='par_1_10' title="bbox 142 2104 1985 2379">
     <span class='ocr_line' id='line_1_20' title="bbox 220 2104 757 2167; baseline 0 -2"><span class='ocrx_word' id='word_1_138' title='bbox 220 2116 374 2167; x_wconf 80' lang='lat'><strong>1003.</strong></span> <span class='ocrx_word' id='word_1_139' title='bbox 415 2121 472 2165; x_wconf 77' lang='lat' dir='ltr'><strong>s,</strong></span> <span class='ocrx_word' id='word_1_140' title='bbox 515 2104 757 2165; x_wconf 68' lang='lat' dir='ltr'><strong>conica.</strong></span> 
     </span>
     <span class='ocr_line' id='line_1_21' title="bbox 288 2213 1984 2279; baseline -0.001 -15"><span class='ocrx_word' id='word_1_141' title='bbox 288 2215 527 2266; x_wconf 86' lang='lat' dir='ltr'><strong>Caulibus</strong></span> <span class='ocrx_word' id='word_1_142' title='bbox 569 2215 810 2265; x_wconf 81' lang='lat' dir='ltr'><strong>solitariis</strong></span> <span class='ocrx_word' id='word_1_143' title='bbox 852 2215 926 2263; x_wconf 84' lang='lat' dir='ltr'><strong>vel</strong></span> <span class='ocrx_word' id='word_1_144' title='bbox 969 2215 1193 2279; x_wconf 88' lang='lat' dir='ltr'><strong>pluribus</strong></span> <span class='ocrx_word' id='word_1_145' title='bbox 1234 2231 1296 2263; x_wconf 83' lang='lat' dir='ltr'><strong>ex</strong></span> <span class='ocrx_word' id='word_1_146' title='bbox 1335 2216 1504 2264; x_wconf 85' lang='lat' dir='ltr'><strong>eadem</strong></span> <span class='ocrx_word' id='word_1_147' title='bbox 1555 2215 1751 2263; x_wconf 85' lang='lat' dir='ltr'><strong>radice:</strong></span> <span class='ocrx_word' id='word_1_148' title='bbox 1803 2213 1984 2278; x_wconf 80' lang='lat' dir='ltr'><strong>digita-</strong></span> 
     </span>
     <span class='ocr_line' id='line_1_22' title="bbox 142 2313 1985 2379; baseline -0.002 -15"><span class='ocrx_word' id='word_1_149' title='bbox 142 2317 288 2379; x_wconf 83' lang='lat' dir='ltr'><strong>libus,</strong></span> <span class='ocrx_word' id='word_1_150' title='bbox 328 2316 672 2379; x_wconf 83' lang='lat' dir='ltr'><strong>spithamaeis,</strong></span> <span class='ocrx_word' id='word_1_151' title='bbox 698 2314 1100 2379; x_wconf 80' lang='lat' dir='ltr'><strong>simplicissimis,</strong></span> <span class='ocrx_word' id='word_1_152' title='bbox 1132 2316 1155 2364; x_wconf 94' lang='lat'>1</span> <span class='ocrx_word' id='word_1_153' title='bbox 1181 2314 1459 2371; x_wconf 73' lang='lat' dir='ltr'><strong>—2-fl01·is</strong></span> <span class='ocrx_word' id='word_1_154' title='bbox 1486 2315 1560 2363; x_wconf 86' lang='lat' dir='ltr'><strong>vel</strong></span> <span class='ocrx_word' id='word_1_155' title='bbox 1585 2314 1795 2364; x_wconf 87' lang='lat' dir='ltr'><strong>ramosis</strong></span> <span class='ocrx_word' id='word_1_156' title='bbox 1822 2313 1985 2362; x_wconf 83' lang='lat' dir='ltr'><strong>multi-</strong></span> 
     </span>
    </p>
   </div>
   <div class='ocr_carea' id='block_1_11' title="bbox 144 2413 1718 2478">
    <p class='ocr_par' dir='ltr' id='par_1_11' title="bbox 144 2413 1718 2478">
     <span class='ocr_line' id='line_1_23' title="bbox 144 2413 1718 2478; baseline 0 -15"><span class='ocrx_word' id='word_1_157' title='bbox 144 2415 280 2463; x_wconf 81' lang='lat' dir='ltr'><strong>floris</strong></span> <span class='ocrx_word' id='word_1_158' title='bbox 321 2415 498 2464; x_wconf 81' lang='lat' dir='ltr'><strong>variat.</strong></span> <span class='ocrx_word' id='word_1_159' title='bbox 548 2415 628 2463; x_wconf 73' lang='lat' dir='ltr'><strong>‘ln</strong></span> <span class='ocrx_word' id='word_1_160' title='bbox 675 2414 902 2463; x_wconf 78' lang='lat' dir='ltr'><strong>arenosis</strong></span> <span class='ocrx_word' id='word_1_161' title='bbox 946 2413 1173 2463; x_wconf 82' lang='lat' dir='ltr'><strong>Pesthini</strong></span> <span class='ocrx_word' id='word_1_162' title='bbox 1214 2413 1428 2478; x_wconf 89' lang='lat' dir='ltr'><strong>alibique</strong></span> <span class='ocrx_word' id='word_1_163' title='bbox 1469 2413 1718 2478; x_wconf 80' lang='lat' dir='ltr'><strong>frequens.</strong></span> 
     </span>
    </p>
   </div>
   <div class='ocr_carea' id='block_1_12' title="bbox 145 2525 1984 2899">
    <p class='ocr_par' dir='ltr' id='par_1_12' title="bbox 147 2525 1983 2691">
     <span class='ocr_line' id='line_1_24' title="bbox 222 2525 1983 2594; baseline -0.002 -18"><span class='ocrx_word' id='word_1_164' title='bbox 222 2527 370 2577; x_wconf 83' lang='grc'><strong>1004.</strong></span> <span class='ocrx_word' id='word_1_165' title='bbox 413 2531 470 2575; x_wconf 90' lang='lat' dir='ltr'><strong>S.</strong></span> <span class='ocrx_word' id='word_1_166' title='bbox 512 2530 884 2576; x_wconf 74' lang='lat' dir='ltr'><strong>dichotoma.</strong></span> <span class='ocrx_word' id='word_1_167' title='bbox 928 2527 1028 2575; x_wconf 86' lang='lat' dir='ltr'><strong>lnd.</strong></span> <span class='ocrx_word' id='word_1_168' title='bbox 1069 2526 1195 2576; x_wconf 85' lang='lat' dir='ltr'><strong>hort.</strong></span> <span class='ocrx_word' id='word_1_169' title='bbox 1225 2525 1391 2578; x_wconf 87' lang='lat' dir='ltr'><strong>Pesth.</strong></span> <span class='ocrx_word' id='word_1_170' title='bbox 1422 2526 1454 2576; x_wconf 89' lang='lat' dir='ltr'><strong>f.</strong></span> <span class='ocrx_word' id='word_1_171' title='bbox 1482 2527 1530 2576; x_wconf 89' lang='lat'><strong>8.</strong></span> <span class='ocrx_word' id='word_1_172' title='bbox 1570 2525 1723 2594; x_wconf 74' lang='lat' dir='ltr'><strong>Ehrli.</strong></span> <span class='ocrx_word' id='word_1_173' title='bbox 1753 2525 1983 2591; x_wconf 66' lang='lat' dir='ltr'><strong>Beitrage</strong></span> 
     </span>
     <span class='ocr_line' id='line_1_25' title="bbox 147 2625 1245 2691; baseline -0.002 -17"><span class='ocrx_word' id='word_1_174' title='bbox 147 2626 247 2674; x_wconf 89' lang='lat' dir='ltr'><strong>Vll.</strong></span> <span class='ocrx_word' id='word_1_175' title='bbox 290 2644 337 2691; x_wconf 86' lang='lat' dir='ltr'><strong>p.</strong></span> <span class='ocrx_word' id='word_1_176' title='bbox 370 2625 482 2675; x_wconf 74' lang='lat'><strong>143.</strong></span> <span class='ocrx_word' id='word_1_177' title='bbox 561 2625 633 2673; x_wconf 91' lang='grc' dir='ltr'><strong>ΡΙ.</strong></span> <span class='ocrx_word' id='word_1_178' title='bbox 678 2643 776 2674; x_wconf 79' lang='lat' dir='ltr'><strong>rar.</strong></span> <span class='ocrx_word' id='word_1_179' title='bbox 817 2626 985 2690; x_wconf 79' lang='lat' dir='ltr'><strong>Hung.</strong></span> <span class='ocrx_word' id='word_1_180' title='bbox 1027 2626 1061 2675; x_wconf 95' lang='lat' dir='ltr'><strong>l.</strong></span> <span class='ocrx_word' id='word_1_181' title='bbox 1104 2634 1136 2674; x_wconf 91' lang='lat' dir='ltr'><strong>t.</strong></span> <span class='ocrx_word' id='word_1_182' title='bbox 1162 2627 1245 2675; x_wconf 74' lang='lat'><strong>29.</strong></span> 
     </span>
    </p>

    <p class='ocr_par' dir='ltr' id='par_1_13' title="bbox 288 2720 1984 2788">
     <span class='ocr_line' id='line_1_26' title="bbox 288 2720 1984 2788; baseline 0.001 -19"><span class='ocrx_word' id='word_1_183' title='bbox 288 2723 339 2770; x_wconf 88' lang='lat' dir='ltr'><strong>lu</strong></span> <span class='ocrx_word' id='word_1_184' title='bbox 380 2722 513 2772; x_wconf 81' lang='lat' dir='ltr'><strong>arvis</strong></span> <span class='ocrx_word' id='word_1_185' title='bbox 556 2723 831 2785; x_wconf 79' lang='lat' dir='ltr'><strong>montanis,</strong></span> <span class='ocrx_word' id='word_1_186' title='bbox 880 2723 1101 2788; x_wconf 83' lang='lat' dir='ltr'><strong>locisque</strong></span> <span class='ocrx_word' id='word_1_187' title='bbox 1143 2721 1441 2787; x_wconf 81' lang='lat' dir='ltr'><strong>graminosis</strong></span> <span class='ocrx_word' id='word_1_188' title='bbox 1482 2721 1665 2786; x_wconf 85' lang='lat' dir='ltr'><strong>apricis</strong></span> <span class='ocrx_word' id='word_1_189' title='bbox 1704 2721 1851 2770; x_wconf 81' lang='lat' dir='ltr'><strong>siccis</strong></span> <span class='ocrx_word' id='word_1_190' title='bbox 1885 2720 1984 2770; x_wconf 88' lang='lat' dir='ltr'><strong>Bu-</strong></span> 
     </span>
    </p>

    <p class='ocr_par' dir='ltr' id='par_1_14' title="bbox 145 2796 1984 2899">
     <span class='ocr_line' id='line_1_27' title="bbox 145 2796 1984 2899; baseline -0.002 -28"><span class='ocrx_word' id='word_1_191' title='bbox 145 2824 268 2883; x_wconf 86' lang='lat' dir='ltr'><strong>dae‚</strong></span> <span class='ocrx_word' id='word_1_192' title='bbox 308 2839 338 2872; x_wconf 85' lang='lat' dir='ltr'><strong>a</strong></span> <span class='ocrx_word' id='word_1_193' title='bbox 377 2821 817 2888; x_wconf 76' lang='lat' dir='ltr'><strong>Hosszu-Hete&#39;ny</strong></span> <span class='ocrx_word' id='word_1_194' title='bbox 858 2824 906 2872; x_wconf 88' lang='lat' dir='ltr'><strong>iu</strong></span> <span class='ocrx_word' id='word_1_195' title='bbox 945 2822 1095 2872; x_wconf 89' lang='lat' dir='ltr'><strong>Cottu</strong></span> <span class='ocrx_word' id='word_1_196' title='bbox 1135 2810 1487 2888; x_wconf 75' lang='lat' dir='ltr'><strong>Baranyensi,</strong></span> <span class='ocrx_word' id='word_1_197' title='bbox 1512 2821 1640 2870; x_wconf 87' lang='lat' dir='ltr'><strong>inter</strong></span> <span class='ocrx_word' id='word_1_198' title='bbox 1678 2796 1878 2881; x_wconf 83' lang='lat' dir='ltr'><strong>vineas,</strong></span> <span class='ocrx_word' id='word_1_199' title='bbox 1904 2896 1907 2899; x_wconf 16' lang='grc' dir='ltr'><strong>ῃ</strong></span> <span class='ocrx_word' id='word_1_200' title='bbox 1934 2820 1984 2869; x_wconf 90' lang='lat' dir='ltr'><strong>in</strong></span> 
     </span>
    </p>
   </div>
   <div class='ocr_carea' id='block_1_13' title="bbox 147 2921 841 2986">
    <p class='ocr_par' dir='ltr' id='par_1_15' title="bbox 147 2921 841 2986">
     <span class='ocr_line' id='line_1_28' title="bbox 147 2921 841 2986; baseline -0.001 -16"><span class='ocrx_word' id='word_1_201' title='bbox 147 2921 301 2986; x_wconf 85' lang='lat' dir='ltr'><strong>pratis</strong></span> <span class='ocrx_word' id='word_1_202' title='bbox 344 2930 390 2970; x_wconf 82' lang='lat' dir='ltr'><strong>et</strong></span> <span class='ocrx_word' id='word_1_203' title='bbox 431 2922 564 2971; x_wconf 84' lang='lat' dir='ltr'><strong>arvis</strong></span> <span class='ocrx_word' id='word_1_204' title='bbox 604 2922 841 2972; x_wconf 85' lang='lat' dir='ltr'><strong>Banatus.</strong></span> 
     </span>
    </p>
   </div>
   <div class='ocr_carea' id='block_1_14' title="bbox 146 3043 1982 3308">
    <p class='ocr_par' dir='ltr' id='par_1_16' title="bbox 146 3043 1982 3308">
     <span class='ocr_line' id='line_1_29' title="bbox 210 3043 1936 3113; baseline -0.002 -19"><span class='ocrx_word' id='word_1_205' title='bbox 210 3043 389 3113; x_wconf 80' lang='grc'><strong>1005.</strong></span> <span class='ocrx_word' id='word_1_206' title='bbox 430 3047 488 3093; x_wconf 87' lang='lat' dir='ltr'><strong>S.</strong></span> <span class='ocrx_word' id='word_1_207' title='bbox 528 3047 872 3094; x_wconf 80' lang='lat' dir='ltr'><strong>baecifera.</strong></span> <span class='ocrx_word' id='word_1_208' title='bbox 1932 3104 1936 3110; x_wconf 24' lang='grc' dir='ltr'><strong><em>ἱ</em></strong></span> 
     </span>
     <span class='ocr_line' id='line_1_30' title="bbox 290 3140 1982 3209; baseline 0 -20"><span class='ocrx_word' id='word_1_209' title='bbox 290 3142 342 3190; x_wconf 88' lang='lat' dir='ltr'><strong>ln</strong></span> <span class='ocrx_word' id='word_1_210' title='bbox 382 3142 669 3192; x_wconf 86' lang='lat' dir='ltr'><strong>nemoribus</strong></span> <span class='ocrx_word' id='word_1_211' title='bbox 711 3152 757 3191; x_wconf 85' lang='lat' dir='ltr'><strong>et</strong></span> <span class='ocrx_word' id='word_1_212' title='bbox 796 3143 1000 3209; x_wconf 83' lang='lat' dir='ltr'><strong>sepibus</strong></span> <span class='ocrx_word' id='word_1_213' title='bbox 1042 3143 1217 3193; x_wconf 83' lang='lat' dir='ltr'><strong>Cotlus</strong></span> <span class='ocrx_word' id='word_1_214' title='bbox 1256 3141 1592 3204; x_wconf 87' lang='lat' dir='ltr'><strong>Pesthiensis,</strong></span> <span class='ocrx_word' id='word_1_215' title='bbox 1642 3140 1982 3206; x_wconf 84' lang='lat' dir='ltr'><strong>Hevesiensis,</strong></span> 
     </span>
     <span class='ocr_line' id='line_1_31' title="bbox 146 3235 1980 3308; baseline -0.001 -19"><span class='ocrx_word' id='word_1_216' title='bbox 146 3240 598 3305; x_wconf 81' lang='lat' dir='ltr'><strong>Szathmariensis,</strong></span> <span class='ocrx_word' id='word_1_217' title='bbox 667 3235 997 3308; x_wconf 50' lang='lat' dir='ltr'><strong>Syrmiensis&#39;,</strong></span> <span class='ocrx_word' id='word_1_218' title='bbox 1068 3241 1448 3306; x_wconf 74' lang='lat' dir='ltr'><strong>Seepiisiensis,</strong></span> <span class='ocrx_word' id='word_1_219' title='bbox 1518 3241 1598 3290; x_wconf 88' lang='lat' dir='ltr'><strong>ubi</strong></span> <span class='ocrx_word' id='word_1_220' title='bbox 1655 3241 1703 3290; x_wconf 90' lang='lat' dir='ltr'><strong>in</strong></span> <span class='ocrx_word' id='word_1_221' title='bbox 1761 3238 1980 3289; x_wconf 87' lang='lat' dir='ltr'><strong>salicetis</strong></span> 
     </span>
    </p>
   </div>
   <div class='ocr_carea' id='block_1_15' title="bbox 144 3340 578 3393">
    <p class='ocr_par' dir='ltr' id='par_1_17' title="bbox 144 3340 578 3393">
     <span class='ocr_line' id='line_1_32' title="bbox 144 3340 578 3393; baseline 0.002 -5"><span class='ocrx_word' id='word_1_222' title='bbox 144 3340 308 3391; x_wconf 82' lang='lat' dir='ltr'><strong>rarior</strong></span> <span class='ocrx_word' id='word_1_223' title='bbox 348 3342 578 3393; x_wconf 83' lang='lat' dir='ltr'><strong>occurrit.</strong></span> 
     </span>
    </p>
   </div>
  </div>
 </body>
</html>
