2195 3657
1839 114 1911 174 61

164 269 284 318 244.
323 273 388 317 P.
429 270 836 316 dumetorum.

227 365 449 415 Bartfae.
680 357 689 364 “

156 477 274 528 245.
316 480 557 524 Rumex
595 478 939 524 Patientia.

156 606 273 654 246.
313 609 394 652 R.
435 606 773 663 exsanguis
814 602 948 653 mihi.

225 701 266 750 E
319 702 515 768 Syrmio
579 719 608 751 a
658 702 842 766 Wolny
895 701 1075 751 missus
1127 703 1217 750 sub
1268 702 1459 751 nomine
1509 699 1571 750 P.
1621 700 1924 762 sanguinei.

88 798 215 863 Legi
275 797 420 848 etiam
459 799 566 861 ipse
609 800 695 847 sed
739 816 836 847 non
876 798 1071 846 memini
1118 798 1196 845 ubi
1237 815 1319 847 sec
1324 833 1548 848 .....
1591 805 1663 844 est
1706 794 1922 845 varietas

87 900 379 960 sanguinei
411 897 460 958 β.
484 927 551 935 ——
589 896 921 961 N.B.Wolny
948 897 1221 958 specimina
1248 897 1377 956 bina,
1416 897 1449 944 2
1473 895 1780 944 diversarum
1810 910 1927 955 spe-

89 996 271 1044 cierum
331 996 491 1058 misit,
560 1012 764 1059 quorum
814 1003 1037 1044 neutrum
1090 1013 1176 1045 seu
1217 997 1277 1044 ad
1328 997 1685 1057 sanguineum
1725 1009 1811 1040 seu
1865 993 1925 1039 ad

89 1112 445 1159 exsanguem,
486 1104 536 1143 ut
561 1112 689 1143 nunc
716 1094 924 1158 primum
953 1097 1180 1156 observo,
1223 1094 1467 1158 pertinere
1494 1093 1701 1142 videtur.
1742 1090 1925 1139 Horum

89 1194 244 1256 alter,
285 1211 425 1258 quem
468 1212 548 1243 no.
588 1196 632 1244 l.
674 1195 900 1259 signavi,
951 1195 1091 1243 caule
1134 1206 1208 1243 est
1247 1193 1458 1254 sulcato,
1499 1191 1926 1250 obscure-rubro,

90 1293 294 1357 glabro,
334 1293 489 1354 laevi,
529 1293 698 1345 nitido.
752 1294 897 1342 Rami
938 1296 997 1342 ad
1037 1293 1274 1357 angulum
1312 1305 1509 1342 acutum
1551 1290 1717 1339 erecti.
1769 1288 1926 1337 Foliis

91 1389 376 1453 petiolatis,
446 1388 704 1452 oblongis,
765 1388 1183 1450 sublanceolatis,
1250 1389 1355 1438 basi
1407 1385 1715 1450 angustatis,
1783 1386 1924 1449 apice

92 1488 470 1550 obtusiusculis,
510 1489 754 1551 crenatis,
797 1487 1077 1549 undulatis,
1129 1488 1350 1551 glabris,
1398 1487 1624 1536 laevibus
1665 1485 1927 1550 (radicalia

90 1607 187 1638 non
225 1589 367 1654 vidi).
443 1588 668 1652 Vaginae
707 1587 905 1644 fuscae,
948 1588 1162 1639 lacerae.
1240 1588 1420 1636 Flores
1463 1585 1775 1648 verticillati,
1816 1602 1926 1633 ver-

92 1687 257 1737 ticillis
297 1689 358 1737 ad
413 1687 473 1752 ¹s2
516 1687 708 1751 pollicis
760 1687 1074 1737 distantibus.
1190 1686 1428 1736 Valvulae
1478 1686 1653 1735 florum
1703 1685 1927 1734 videntur

92 1788 364 1846 obovatae‚
424 1788 629 1836 obtusae
695 1803 836 1849 esse,
914 1788 998 1835 sed
1057 1787 1269 1835 nondum
1328 1793 1440 1834 sunt
1500 1787 1620 1833 bene
1681 1784 1924 1833 evolutae.

89 1884 246 1950 Atque
298 1885 490 1934 videtur
541 1902 652 1935 esse
691 1882 763 1933 R.
801 1883 1270 1951 Nemolapachum.
1383 1884 1522 1932 Alter
1575 1900 1715 1948 quem
1757 1901 1835 1933 no.
1876 1884 1926 1932 2.

89 1984 315 2048 signavi,
356 1994 429 2033 est
471 1985 611 2033 caule
654 1984 803 2034 etiam
840 1984 1062 2043 sulcat03
1116 1983 1247 2033 soliis
1289 1983 1566 2046 petiolatis,
1606 1981 1924 2031 inferioribus

91 2084 308 2152 cordatis
349 2082 712 2145 obtusissimis,
763 2083 1103 2147 superioribus
1156 2082 1628 2143 lato—lanceolatis,
1688 2080 1792 2129 basi
1835 2097 1925 2130 an-

89 2183 329 2247 gustatis,
371 2183 587 2245 obtusis,
629 2182 871 2245 supremis
912 2182 1262 2239 acutiusculis,
1306 2183 1529 2230 omnibus
1571 2179 1925 2244 integerrimis,

90 2281 469 2343 scabrinsculis,
515 2280 796 2346 junioribus
836 2280 1197 2330 subundulatis.
1276 2279 1514 2329 Verticilli
1555 2279 1724 2327 florum
1765 2278 1926 2341 magis

90 2382 436 2445 approximati.
514 2380 754 2431 Valvulae
797 2382 1035 2439 obtusae,
1074 2378 1441 2443 integerrimae.
1500 2379 1658 2442 Atque
1698 2378 1789 2427 iste
1819 2384 1927 2440 pot-

91 2489 165 2529 est
206 2496 317 2529 esse
355 2477 426 2527 R.
457 2483 785 2543 exsanguis,
845 2496 985 2544 quem
1028 2478 1186 2527 Smith
1229 2496 1315 2543 pro
1357 2477 1598 2528 varietate
1639 2479 1930 2541 sanguinei

86 2578 265 2642 habet,
305 2588 350 2628 et
377 2579 500 2628 folia
523 2579 762 2628 inferiora
786 2577 901 2627 dicit
931 2578 1038 2628 basi
1065 2579 1284 2628 cordata.
1336 2576 1403 2628 R.
1430 2575 1757 2644 Condylodes
1779 2576 1850 2625 M.
1871 2575 1925 2625 Β.

159 2731 278 2782 247.
317 2737 393 2779 R.
431 2735 997 2791 Hydrolapathum.

200 2828 376 2879 Folia
413 2830 651 2879 undulata
689 2829 805 2899 hui-e
842 2831 913 2895 (in
955 2830 1109 2890 sicco)
1151 2835 1452 2893 apparenter
1493 2836 1711 2877 crenata.
1743 2847 1746 2850 ’
1807 2826 1928 2879 Val-

90 2928 235 2978 vulae
262 2945 359 2977 non
396 2928 586 2991 paucae
627 2929 857 2977 dentatae
881 2969 891 2987 ,
926 2928 1097 2993 quales
1140 2927 1287 2977 etiam
1325 2927 1373 2975 in
1414 2925 1681 2989 specimine
1713 2942 1742 2975 a
1784 2924 1926 2975 Will-

93 3029 264 3076 denow
303 3027 453 3077 misso
494 3029 689 3077 adsunt.
769 3026 861 3075 Est
900 3026 1057 3089 idem,
1098 3043 1242 3090 quem
1269 3025 1480 3075 Winterl
1520 3025 1566 3073 in
1608 3025 1768 3073 indice
1797 3023 1927 3073 horti

94 3128 182 3175 sub
223 3125 416 3174 nomine
449 3122 521 3173 R.
563 3128 813 3191 aquatici
849 3124 1129 3188 descripsit.
1205 3124 1344 3174 Misit
1387 3124 1566 3188 Wolny
1607 3123 1753 3171 cum?

233 3223 436 3273 Habitat
474 3224 523 3274 in
563 3224 705 3288 aquis
746 3224 1094 3288 stagnantibus
1135 3233 1181 3272 et
1222 3222 1515 3285 fluentibus,
1565 3215 1695 3271 velut
1735 3221 1782 3268 in
1821 3219 1924 3268 rivo

95 3321 288 3371 Rakos.
