2195 3657
1854 134 1981 196 3⁰7

140 275 424 327 Mehadiam
465 288 512 330 et
553 282 822 343 Orsovam,
861 283 921 331 ad
963 279 1196 348 Harsany
1238 290 1284 331 et
1325 281 1545 332 Miskolc
1582 283 1634 333 in
1673 281 1819 332 Cottu
1857 284 1980 333 Bor-

139 375 384 438 sodieusi,
444 381 502 427 ad
544 378 725 428 Hollod
778 379 826 428 in
867 378 989 427 colle
1031 378 1267 443 vinifero,
1328 381 1389 430 ad
1431 381 1562 430 Erdfi
1603 381 1795 447 Benye,
1848 390 1894 431 et
1931 382 1979 431 iu

140 481 302 521 monte
352 477 412 524 ad
452 475 724 526 Joseffalva
775 476 823 525 in
875 477 1023 525 Coltu
1063 477 1346 539 Toruensi,
1422 487 1468 527 et
1517 479 1563 528 in
1606 479 1753 529 Cottu
1796 479 1978 530 Gomo-

138 571 286 621 riensi
318 573 643 624 flavescentes
671 575 820 625 albidi
846 592 931 624 seu
962 575 1142 639 pallide
1167 577 1449 627 oehroleuei
1476 577 1639 629 flores.
1703 578 1980 644 Legumina

138 687 335 736 semper
374 672 727 724 hirsutissima.
806 674 1077 724 Pedunculi
1120 678 1312 725 breves.
1390 674 1553 725 Etiam
1592 678 1652 726 ad
1692 676 1839 743 Nagy
1874 675 1982 726 Ka-

135 770 246 836 roly
305 772 618 825 observatus.
733 773 926 823 Foliola
987 792 1081 824 non
1145 792 1257 825 raro
1321 774 1981 825 lanceolato-euneiformia

135 877 310 927 acuta3
363 879 411 917 ut
453 869 578 918 inter
617 870 1031 921 Temesvariuum
1073 880 1119 920 et
1162 871 1538 934 Guttenbrunu,
1598 872 1645 921 in
1686 872 1814 922 silva
1853 873 1979 922 Bru-

136 968 445 1020 keuaviensi.
524 970 574 1018 lu
619 970 866 1020 montibus
908 970 1308 1021 Menesiensibus
1348 971 1446 1036 legi
1488 971 1696 1021 similem
1738 972 1838 1038 illi,
1899 969 1977 1038 qui

133 1070 193 1116 ad
234 1068 584 1136 Erdii-Benye
625 1070 782 1120 lectus
824 1078 915 1119 est.
1029 1069 1200 1120 Balbis
1241 1070 1370 1120 misit
1411 1070 1650 1133 similem,
1692 1072 1777 1120 sed
1818 1072 1979 1136 magis

133 1167 373 1217 hirsutum
417 1177 463 1217 et
503 1169 730 1219 incanum
756 1209 768 1233 ,
809 1169 1095 1234 foliolisque
1136 1168 1409 1221 minoribus
1450 1187 1556 1220 eum
1600 1171 1892 1236 quaestione
1915 1188 1978 1221 an

134 1276 246 1316 tuus
285 1266 335 1315 C.
370 1268 617 1334 pallidus
662 1269 734 1318 vel
777 1266 828 1317 C.
870 1264 1224 1318 leeecanchus?

207 1404 359 1455 1279.
399 1408 462 1453 (Β.
502 1408 777 1464 prolifer
817 1405 951 1466 mihi,
990 1404 1076 1454 sed
1115 1405 1260 1454 datur
1289 1404 1394 1470 jam
1434 1405 1581 1471 hujus
1613 1407 1825 1457 nominis
1856 1423 1976 1472 ergo

132 1501 182 1551 C.
219 1503 501 1568 pullulans
542 1503 672 1552 mihi.

273 1618 462 1668 Similis
503 1618 554 1670 C.
594 1618 907 1679 leucancho,
973 1619 1060 1668 sed
1105 1619 1276 1669 caules
1320 1620 1539 1685 ramique
1583 1620 1696 1685 pilis
1740 1620 1977 1670 brevissi-

132 1716 223 1766 mis
264 1719 376 1766 teeti
424 1727 472 1766 ut
513 1718 617 1768 fere
660 1718 922 1768 tomentosi
963 1728 1268 1784 appareant,
1330 1720 1500 1770 foliola
1542 1721 1703 1785 magis
1743 1720 1977 1786 oblonga,

133 1815 480 1880 pubescentia3
525 1815 788 1880 peduneuli
829 1815 1100 1879 longiores,
1142 1816 1244 1865 sere
1287 1817 1476 1882 calyeis
1514 1817 1840 1883 longitudine,
1879 1837 1975 1869 non

128 1933 238 1966 raro
282 1915 474 1978 biflori,
533 1916 802 1966 bracteati:
866 1915 1078 1966 bracteis
1120 1917 1419 1980 linearibus,
1473 1918 1700 1980 duabus,
1750 1918 1976 1982 alternis,

125 2012 285 2062 altera
336 2011 588 2073 breviore,
639 2011 799 2078 ealyei
850 2012 1115 2077 eontigua3
1193 2012 1347 2063 ramis
1399 2013 1632 2064 floriferis
1672 2024 1719 2064 et
1760 2016 1975 2065 umbella

123 2114 213 2160 sub
244 2111 352 2175 ipsa
381 2110 725 2172 florescentia3
766 2111 983 2162 corollae
1014 2111 1205 2163 flavae:
1247 2112 1434 2161 vexillo
1465 2114 1783 2178 pubescente,
1823 2115 1972 2181 calyx

126 2211 363 2275 profunde
405 2202 680 2272 bilobalus,
724 2210 929 2274 pilosus.

198 2368 351 2419 1280.
410 2370 472 2417 C.
512 2369 891 2417 austriaeus.

265 2467 320 2516 In
369 2466 597 2517 arenosis
660 2467 831 2517 eaules
896 2466 1004 2516 basi
1062 2468 1443 2529 decumbentes,
1500 2466 1647 2517 divisi
1705 2467 1754 2517 in
1804 2485 1969 2519 ramos

124 2575 345 2628 erectos»,
385 2583 538 2630 saepe
571 2565 649 2615 vix
680 2566 1037 2631 spithamaeoS,
1078 2566 1366 2633 plerumque
1393 2565 1808 2631 simplicissimos,
1848 2568 1970 2618 folia

122 2666 440 2732 reliquaeque
472 2678 639 2731 partes
680 2666 821 2716 valde
858 2667 1083 2717 incanae.
1158 2667 1298 2717 Alias
1339 2666 1508 2717 caules
1533 2667 1715 2730 erecti,
1752 2667 1969 2731 plerum-

123 2779 215 2827 que
267 2764 525 2827 superiore
578 2772 718 2826 parte
771 2762 1199 2828 longitudinaliter
1250 2763 1461 2826 ramosi,
1524 2763 1724 2829 pedales
1775 2764 1970 2829 sesqui-

125 2861 445 2926 pedalesque.
521 2861 785 2913 Caeterum
826 2864 994 2914 caules
1036 2863 1250 2928 foliaque
1292 2863 1732 2928 sericeo-pilosa,
1768 2879 1860 2913 nec
1896 2864 1968 2928 (ut

121 2960 420 3011 Willdenow
462 2960 509 3010 iu
550 2960 834 3011 definitione
876 2961 1021 3031 dicit)
1058 2962 1675 3027 strigoso-pubescentia.
1750 2961 1843 3011 Pili
1882 2964 1968 3012 de-

123 3062 441 3123 cumbentes,
494 3060 540 3110 in
583 3061 753 3127 calyce
797 3062 968 3125 patuli.
1080 3061 1255 3112 Flores
1297 3061 1586 3112 brevissime
1628 3061 1966 3128 pedunculati.

121 3158 282 3223 Calyx
332 3159 628 3222 bilabiatus,
691 3161 819 3211 labio
862 3161 1120 3226 superiore
1163 3161 1354 3226 bilobo,
1405 3161 1639 3213 vexillum
1685 3163 1962 3226 pubescens

125 3257 235 3322 pilis
275 3257 617 3322 longiusculis.
676 3260 798 3310 Pilis
840 3261 997 3312 caulis
1037 3262 1442 3311 decumbentibus
1481 3277 1568 3311 seu
1610 3260 1964 3326 subappressis

123 3374 151 3406 a
201 3355 249 3407 C.
302 3360 571 3424 capitato,
613 3360 687 3408 eui
740 3376 894 3426 saepe
946 3360 1153 3423 similis,
1202 3360 1349 3410 facilc
1401 3360 1805 3424 distinguendus:
1848 3359 1963 3409 hinc

1515 3456 1631 3511 20*
