2195 3657
1883 149 2002 210 331

168 287 448 353 Legumina
500 291 738 356 pendula,
801 300 853 341 ut
892 293 1081 344 nuntiat
1120 294 1402 355 Mauksch3
1479 296 1556 362 qni
1599 296 1842 348 montibus
1883 299 2005 348 calc.

170 388 423 437 rarissime
464 405 729 439 occurrere
779 398 827 439 et
866 390 995 441 Julio
1035 392 1212 442 florere
1252 393 1460 445 nuntiat.
1573 394 1667 446 Vix
1707 395 1938 447 distincta
1979 415 2008 447 a

168 485 220 538 G.
260 490 436 537 varia.

259 586 410 637 1406.
449 589 837 646 ornithonas
877 591 1278 648 perpusillum.

305 682 559 734 Linnacus
610 685 829 750 plantam
880 685 1142 750 glabram,
1208 686 1521 738 Reiehardus
1586 697 1738 741 totam
1789 692 2005 757 plantam

164 780 404 832 hirsutam
458 799 571 832 esse
627 784 769 846 dicit,
828 785 987 849 qualis
1041 785 1126 835 illa
1178 795 1286 849 est,
1345 803 1470 852 quae
1519 789 1568 838 in
1618 790 2004 844 Transsilvauia

163 880 376 930 occurrit
416 897 446 931 a
484 881 820 948 Banmgarteu
860 883 1014 933 missa
1054 892 1102 933 et
1139 884 1189 934 in
1230 885 1391 936 vicino
1439 887 1650 939 Banatu.

238 980 389 1030 1407.
428 982 851 1040 Hippocrepis
891 997 1154 1032 comosa.

305 1077 437 1128 Tota
480 1078 650 1142 planta
692 1079 774 1129 vix
814 1081 967 1144 digito
1008 1089 1094 1130 aut
1135 1082 1298 1146 palma
1339 1083 1505 1134 altior.
1601 1086 1770 1135 Caulis
1815 1089 2003 1139 brevis·

162 1176 342 1239 simus,
382 1178 685 1242 angulatas,
744 1179 935 1242 glaber.
1038 1179 1236 1231 Foliola
1272 1182 1496 1246 9-13‚
1555 1185 1795 1243 obovata,
1855 1195 2003 1236 acuta

160 1277 236 1326 vel
291 1286 608 1338 mucronata,
676 1279 838 1343 impar
882 1280 1242 1344 emarginatum
1289 1298 1396 1331 cum
1450 1299 1682 1334 mucrone
1723 1294 2001 1337 cuneatum.

161 1374 430 1424 Pedunculi
474 1375 799 1424 communiter
839 1376 981 1425 caule
1022 1376 1292 1441 longiores.
1339 1377 1593 1429 Umbellae
1633 1382 1997 1434 5—-9-florae.

158 1471 367 1538 Ungues
407 1474 684 1537 petalorum
734 1475 904 1540 calyce
948 1475 1059 1539 plus
1088 1492 1231 1540 qnam
1261 1478 1408 1541 duplo
1449 1478 1722 1544 longiores.
1766 1481 1815 1530 ln
1846 1482 2002 1532 Balba

157 1573 298 1624 Hora
336 1572 667 1623 Lucsivncnsi
707 1573 846 1639 Majo
889 1581 988 1624 toto
1031 1583 1223 1624 aestate
1276 1575 1434 1628 floret.
1510 1582 1551 1627 A
1592 1580 1843 1630 Mauksch
1883 1581 2002 1632 mis-

157 1690 216 1725 sa.
255 1691 363 1723 cum
419 1674 814 1739 interrogatione
866 1691 927 1723 an
970 1671 1021 1724 G.
1060 1677 1316 1731 minima,
1375 1691 1498 1739 quae
1547 1693 1643 1725 non
1704 1687 1805 1738 est,
1857 1694 2002 1727 acce-

158 1775 281 1823 dens
323 1772 486 1839 potius
527 1774 585 1821 ad
628 1770 677 1819 C.
722 1775 935 1821 variam
976 1771 1068 1820 uisi
1112 1773 1284 1821 eadem
1324 1772 1403 1822 sit.
1484 1773 1709 1838 Stipulae
1745 1784 1858 1824 sunt
1900 1793 2004 1826 ma-

155 1873 295 1939 jores
336 1889 477 1938 quam
522 1873 567 1921 in
609 1869 661 1921 C.
700 1874 887 1933 varia,
929 1880 1134 1933 ovatae,
1174 1871 1518 1934 acuminatae,
1558 1873 1810 1924 laterales.
1866 1874 2004 1925 Misit

161 1972 308 2022 etiam
350 1970 538 2020 Rochel
581 1971 832 2035 specimen
876 1968 926 2018 C.
967 1969 1230 2035 glabrae:
1275 1971 1456 2022 foliolis
1497 1974 1709 2037 9-n,
1750 1973 2001 2038 oblongis,

161 2071 447 2133 subovatis,
507 2070 697 2120 obtusis
740 2077 823 2119 aut
862 2069 1080 2119 nonnihil
1125 2072 1481 2136 emarginatis,
1541 2073 1868 2135 mucronatis,
1928 2074 2001 2122 di-

161 2170 339 2221 stincte
403 2169 682 2233 petiolatis,
759 2168 957 2233 stipulis
1013 2169 1333 2233 lanceolatis‚
1397 2172 1687 2234 pedunculis
1738 2172 2002 2237 elongatis,

161 2269 517 2333 spithamaeis,
596 2268 845 2334 unguibus
899 2268 1067 2334 calyce
1124 2269 1233 2333 plus
1293 2287 1437 2335 quam
1497 2271 1642 2335 duplo
1697 2272 2004 2336 longioribus

162 2372 251 2420 sub
292 2369 488 2420 u.316.
531 2377 578 2417 et
618 2385 746 2418 nom.
790 2366 842 2419 C.
882 2371 1104 2418 ηιῖηίηια
1145 2369 1314 2419 missa.

237 2468 386 2520 1408.
428 2473 821 2528 nedysarum
859 2474 1208 2517 obscurum.

305 2566 489 2617 Caules
540 2583 601 2615 ex
653 2568 824 2616 eadem
878 2566 1042 2616 radice
1102 2567 1327 2630 plurimi,
1400 2568 1508 2632 plus
1565 2569 1725 2618 minus
1777 2569 2004 2631 flexuosi,

164 2667 439 2733 palmares,
478 2666 774 2730 spithamaei
810 2683 924 2716 raro
967 2665 1203 2728 altiores,
1243 2667 1392 2716 erecti
1435 2684 1799 2733 nonnumquam
1826 2685 2003 2720 ascen-

161 2770 363 2828 dentes,
423 2784 522 2817 non
574 2768 954 2830 decumbentes,
1021 2766 1217 2830 stipulis
1268 2766 1618 2832 vaginautibus
1668 2768 1821 2817 fuscis
1860 2769 2001 2832 apice

162 2866 324 2917 bifidis
365 2868 500 2929 tecti,
539 2866 798 2932 superiore
832 2873 969 2930 parte
1000 2867 1347 2929 pubescentes,
1389 2866 1500 2930 pilis
1527 2867 1831 2917 tenuissimis
1857 2868 1999 2918 albis.

162 2965 358 3016 Foliola
416 2966 479 3016 15
511 2965 690 3028 ἡ--21,
744 2965 1254 3025 ovato—lanceolata,
1311 2973 1487 3027 acuta,
1547 2966 1785 3016 inferiora
1838 2975 2002 3030 ovata,

165 3072 480 3125 mucronata,
520 3080 618 3112 non
656 3079 771 3113 raro
812 3063 1124 3128 emarginata
1165 3081 1272 3113 cum
1314 3081 1574 3128 mucrone,
1614 3083 1767 3130 supra
1807 3066 2002 3130 glabra,

163 3165 338 3214 subtus
379 3162 701 3227 pubescentia
741 3171 826 3212 ant
867 3162 1239 3227 glabriuscula,
1277 3180 1428 3213 nervo
1471 3172 1632 3214 tamen
1677 3181 1872 3229 semper
1910 3183 2001 3229 pn—

165 3266 426 3324 bcscente,
477 3262 523 3311 in
567 3261 850 3328 junioribus
902 3280 931 3312 a
971 3265 1139 3312 densis
1193 3263 1304 3327 pilis
1358 3272 1670 3314 canescente.
1779 3264 1998 3314 Pctiolus

165 3364 470 3428 pubescens,
538 3363 605 3411 uti
661 3370 708 3410 et
758 3362 1088 3424 pedunculuS,
1148 3362 1440 3425 pracsertim
1496 3378 1670 3412 versus
1720 3362 1998 3427 superiora.
