2195 3657
1828 65 1913 125 57

82 215 134 269 G.
173 224 503 265 canescente.
616 213 815 277 Caulis,
868 214 1016 271 rami,
1070 214 1288 279 foliaque
1329 215 1531 278 glabra,
1607 214 1725 265 folia
1765 217 1910 280 duplo

81 314 289 378 triplove
329 312 622 377 angustiora
662 320 708 361 et
748 312 975 362 breviora
1015 329 1155 378 quam
1181 313 1230 362 in
1255 312 1697 380 Chyssopz‘folz‘o,
1738 316 1911 365 subtus

82 429 333 474 convexa,
373 428 524 474 supra
565 411 741 474 plana,
782 410 1258 462 lineari-sulmlata.

152 526 275 576 229.
314 527 376 573 (3.
417 539 749 573 canescens
788 523 924 574 mihi.

221 622 385 670 Radix
426 636 620 684 annua,
659 637 888 682 ramosa,
930 622 1182 688 flexuosa,
1221 621 1414 683 albida,
1466 624 1754 687 quandoque
1796 624 1911 671 sub-

82 720 320 784 simplex,
373 719 687 783 spithamaoa
742 719 1008 784 pedalisve.
1086 720 1258 770 Caulis
1308 738 1336 770 a
1379 722 1483 770 basi
1523 722 1910 787 ramosissimus,

81 819 361 879 flexuosus,
403 818 621 882 ramique
662 818 823 867 striati
863 818 998 867 striis
1040 818 1405 882 pallidioribus,
1446 827 1689 883 patentes,
1730 821 1911 870 ibidem

79 916 305 966 flexuosh

217 1013 362 1063 Folia
414 1020 462 1061 ut
513 1012 668 1075 rami,
735 1012 960 1070 alterna,
1026 1013 1258 1074 sessilia,
1339 1013 1572 1077 linearia,
1634 1016 1911 1079 pollicaria‚

79 1129 230 1177 supra
271 1110 489 1161 nonnihil
531 1109 892 1172 canaliculata,
958 1112 1131 1160 subtus
1170 1113 1584 1175 convexiuseula,
1644 1114 1912 1179 integerri-

78 1231 185 1275 ma,
225 1211 386 1261 setula
426 1210 689 1282 terminata
731 1208 878 1258 molli.
1660 1187 1664 1190 γ

217 1310 395 1359 Flores
433 1309 480 1358 in
534 1308 684 1372 spi‹-is
734 1308 1100 1370 terminalibus,
1163 1310 1454 1360 lateralibus
1495 1319 1541 1359 et
1592 1310 1913 1360 subaxillari-

79 1410 170 1457 bus
211 1408 321 1469 (sub
363 1423 498 1456 ramo
552 1408 611 1454 ad
661 1405 792 1454 latus
841 1405 1026 1470 enatis)
1079 1407 1274 1468 densis,
1336 1408 1542 1468 erectis,
1610 1406 1912 1472 ¹s2-bi-tri-

79 1507 421 1573 pollicaribus⁸
528 1505 768 1555 Brarteae
821 1522 907 1555 seu
966 1505 1087 1555 folia
1153 1506 1339 1556 floralia
1399 1505 1601 1570 reliquis
1667 1506 1911 1567 breviora,

76 1625 250 1658 versus
291 1608 481 1671 apicem
520 1606 803 1656 successive
844 1607 1220 1669 decrescentia,
1260 1608 1759 1669 ovato-lanceolata,
1801 1623 1911 1654 ere-

76 1708 184 1767 cta,
223 1705 443 1770 margine
486 1704 617 1754 tenui
657 1706 1062 1768 membranacea,
1113 1707 1274 1755 setula
1315 1706 1579 1755 terminata
1619 1705 1781 1771 molli,
1822 1706 1912 1754 im-

78 1806 291 1857 brirata.

218 1903 381 1971 Calyx
421 1911 467 1952 et
508 1903 697 1953 corolla.
738 1903 897 1960 nulla,
970 1904 1064 1953 nisi
1104 1906 1512 1956 membranaceas
1553 1910 1585 1958 2
1626 1906 1911 1970 squamulae

76 2003 432 2054 minutissimas
471 2004 598 2053 inter
637 2019 840 2070 germen
881 2012 927 2052 et
986 2004 1169 2054 rachim
1215 2022 1300 2068 pro
1344 2006 1532 2056 corolla
1572 2006 1648 2054 vel
1690 2005 1909 2054 nectario

76 2119 269 2152 sumere
308 2103 450 2152 velis.

219 2202 444 2252 Stamina
483 2202 547 2264 5,
606 2219 809 2266 quorum
844 2209 982 2252 terna
1021 2203 1149 2252 inter
1189 2202 1374 2252 rachim
1429 2211 1475 2252 et
1516 2220 1746 2268 germen,
1799 2204 1912 2253 bina

75 2303 205 2351 inter
242 2301 336 2350 hoc
376 2308 423 2350 et
464 2303 715 2351 bracteam
758 2300 918 2364 posita
958 2309 1106 2362 sunt,
1145 2301 1365 2366 germine
1401 2301 1657 2364 breviora,
1697 2303 1910 2352 medium

77 2402 204 2451 inter
241 2400 336 2449 tria
374 2399 614 2449 interiora
654 2399 856 2465 reliquis
894 2400 1125 2466 longius,
1167 2400 1328 2451 omnia
1370 2400 1634 2452 filamentis
1675 2401 1908 2452 tenuissi-

77 2500 196 2560 mis3
236 2498 457 2550 antheris
496 2497 693 2548 minutis
734 2499 1063 2549 ochroleuris.

221 2599 434 2649 Germen
474 2598 830 2657 orbiculatum,
869 2598 997 2648 intus
1040 2599 1236 2662 planum
1281 2607 1426 2649 extus
1454 2599 1910 2661 convexiusculum‚

77 2699 302 2764 margine
342 2699 750 2756 membranaceo,
812 2699 1144 2764 inaequaliter
1183 2699 1482 2749 denticulato
1526 2716 1611 2749 seu
1655 2701 1912 2762 suberoso,

76 2798 218 2864 apice
258 2798 494 2862 germinis
535 2797 845 2862 emarginato
889 2798 1129 2858 cinctum3
1205 2799 1320 2866 styli
1360 2801 1394 2849 2
1434 2801 1638 2863 breves,
1700 2800 1910 2864 capilla-

77 2898 178 2960 cei,
227 2897 532 2960 tenuissimi,
586 2897 754 2946 erecti.
866 2898 1068 2948 Semina
1121 2899 1278 2948 forma
1337 2899 1606 2964 germinis,
1660 2899 1910 2949 exteriora

76 2999 231 3048 latere
270 2997 430 3063 magis
471 3013 732 3069 convexa,
760 2998 975 3047 bracteis
1014 2998 1222 3060 latiora,
1274 2998 1411 3049 fusca
1453 2998 1633 3062 nitida,
1686 2997 1908 3064 margine

77 3098 322 3162 diaphano
364 3097 588 3162 utrinque
629 3096 954 3161 emarginata.

218 3195 349 3245 Tota
374 3197 562 3260 planta,
590 3197 762 3247 demtis
787 3197 1105 3261 genitalibus,
1146 3197 1259 3260 pilis
1286 3197 1535 3259 brevibus,
1573 3198 1718 3261 albis,
1757 3196 1908 3246 fasci-

81 3293 290 3355 culatis,
331 3294 706 3359 detergibilibus
746 3312 1048 3358 canescens,
1089 3296 1303 3346 maxime
1345 3296 1530 3359 spicae.
1568 3331 1571 3333 >
