2195 3657
1807 125 1929 186 159

160 270 283 322 754.
319 273 660 322 Pastinaea
697 275 1054 330 opopanax.

230 371 285 419 ln
325 371 480 434 pratis
521 370 670 419 siccis
711 373 770 420 ad
812 371 1133 424 Korenicam.
1210 372 1344 425 Vera
1384 373 1588 424 Ferula-

159 511 279 562 755.
330 516 705 560 Heracleum
753 514 1240 570 sphondyliumz
1305 512 1470 576 potius
1517 519 1797 564 Panaces
1854 518 1928 566 vel

89 607 494 655 austriacum.

231 702 404 753 Cauiis
444 689 991 765 sulcato—angulanis,
1044 705 1297 769 hispidus,
1349 705 1470 754 setis
1514 707 1670 769 albis,
1722 707 1930 771 diapha-

89 802 198 863 nis,
237 789 582 866 planiusculis,
623 803 957 861 subrcversis,
998 805 1256 867 superiore
1287 805 1448 854 caulis
1487 816 1627 868 parte
1667 821 1932 855 rarescen-

91 901 250 963 tibus,
289 903 479 951 demum
521 899 881 950 deficientibus.
957 901 1104 952 Folia
1147 904 1377 967 pinnata:
1428 903 1613 954 foliolis
1654 906 1816 967 pinnis
1856 906 1931 954 in-

94 1000 332 1051 ternodiis
372 1000 638 1050 sessilibus
679 1001 855 1065 impari
897 1003 1289 1067 approximatis3
1331 1021 1428 1052 nou
1469 1021 1583 1053 raro
1625 1021 1732 1054 cum
1763 1008 1931 1053 eodem

90 1101 138 1149 iu
179 1117 325 1150 uuum
367 1101 598 1150 trilobum
657 1100 915 1166 connatis,
975 1119 1067 1166 quo
1120 1101 1166 1151 iu
1207 1119 1325 1152 casu
1375 1102 1497 1152 folia
1546 1112 1741 1152 teruata
1793 1113 1931 1152 suut:

93 1208 344 1248 caeterum
385 1200 556 1248 foliola
596 1200 760 1248 rarius
801 1200 1016 1263 oblonga
1060 1200 1367 1264 piuuatifida,
1406 1218 1576 1250 verum
1617 1217 1768 1266 saepe
1809 1204 1933 1251 irre-

91 1298 336 1362 gulariter
375 1299 573 1362 lobata,
627 1299 731 1349 basi
776 1302 1075 1350 subcordata
1118 1310 1202 1350 aut
1244 1310 1392 1350 ovata
1432 1309 1574 1363 suut,
1623 1319 1773 1365 supra
1820 1302 1932 1365 pius

93 1398 355 1459 brevibus,
394 1398 522 1447 albis
563 1398 822 1462 diaphauis
865 1401 1140 1464 adspersa,
1191 1401 1365 1448 subtus
1406 1399 1648 1449 similibus
1689 1400 1932 1449 densiori-

95 1501 184 1547 bus
222 1497 446 1560 hirsuta,
505 1498 641 1547 rachi
698 1497 994 1563 petiolisque
1052 1500 1291 1562 hispidis,
1349 1501 1470 1549 setis
1512 1500 1774 1564 diaphauis
1828 1499 1935 1563 pla—

95 1597 366 1662 niuscuiis,
406 1597 602 1661 vaginis
627 1614 801 1647 versus
842 1598 1078 1662 petiolum
1120 1599 1243 1648 setis
1288 1598 1502 1648 reversis
1542 1599 1779 1663 hispidis,
1820 1615 1935 1647 rae-

92 1706 249 1745 terum
292 1697 582 1761 praesertim
624 1696 887 1761 superiora
927 1714 1101 1747 versus
1142 1698 1519 1763 glabriusculis.
1609 1697 1781 1746 Flores
1825 1699 1933 1758 pius

94 1797 254 1846 minus
295 1779 514 1847 radiati(
571 1796 698 1845 Lohi
739 1796 971 1847 foliorum
1011 1798 1160 1848 acuti.
1215 1797 1343 1847 Tale
1385 1809 1490 1848 erat
1532 1800 1657 1863 quod
1683 1797 1934 1847 Maukseh

94 1913 157 1946 ex
207 1896 404 1961 alpibus
458 1896 688 1962 Scepusii
742 1898 977 1961 miserat,
1041 1901 1332 1963 quaudoque
1384 1900 1443 1947 ad
1496 1896 1639 1946 Rahd
1691 1899 1736 1945 iu
1789 1896 1932 1946 Cottu

93 1996 507 2047 Marmarosiensi
551 1997 598 2045 iu
642 1997 795 2061 pratis
836 2005 883 2046 et
922 1998 1080 2047 hortis
1119 1997 1354 2062 frequens
1397 2005 1520 2046 erat.
1594 1996 1671 2046 Au
1710 1997 1804 2045 hoc
1846 2013 1933 2060 po-

91 2097 190 2147 tius
241 2095 314 2147 H.
355 2093 647 2146 Panaces?
758 2097 914 2147 Paulo
973 2098 1136 2163 magis
1187 2097 1431 2148 hirsutum
1485 2105 1533 2145 et
1583 2096 1714 2145 foliis
1766 2095 1937 2157 terniS‚

92 2195 296 2244 floribus
337 2194 550 2258 amplius
590 2195 828 2259 radiatis,
876 2195 926 2245 in
976 2195 1252 2260 subalpinis
1295 2194 1555 2260 Trojagae
1610 2210 1734 2258 poue
1778 2194 1935 2244 Bursa

93 2296 212 2360 legi.
288 2273 631 2344 Consideratis
670 2297 761 2358 iis,
810 2313 935 2360 quae
977 2297 1035 2343 de
1076 2294 1320 2344 Panaces
1360 2295 1587 2343 dicuntur
1628 2294 1673 2343 iu
1716 2293 1802 2357 Sp.
1845 2292 1936 2355 Pl„

92 2395 218 2445 haec
276 2395 448 2459 planta
486 2395 654 2461 nequit
695 2412 805 2445 esse
845 2394 918 2444 H.
961 2394 1238 2443 Panaces:
1301 2412 1412 2443 uam
1464 2394 1585 2443 folia
1627 2395 1800 2443 subtus
1838 2410 1934 2442 nou

91 2502 203 2544 suut
256 2502 563 2556 tomentosa,
621 2511 711 2544 nec
764 2495 978 2558 pendula
1023 2493 1202 2545 laevia.
1312 2494 1451 2558 Ergo
1504 2494 1597 2542 erit
1647 2492 1808 2557 potius
1857 2490 1933 2543 H.

92 2597 453 2655 austriacum,
527 2610 618 2643 nec
680 2604 842 2644 tamen
912 2594 1082 2644 foliola
1147 2604 1256 2644 suut
1320 2611 1507 2644 venoso
1534 2623 1558 2631 -
1587 2591 1935 2657 rugosissima,

92 2693 252 2742 demto
293 2693 438 2743 unico
480 2693 780 2758 specimine,
821 2696 948 2759 quod
991 2694 1242 2744 Mauksch
1283 2695 1373 2743 sub
1414 2693 1608 2743 nomine
1648 2689 1723 2742 H.
1747 2689 1936 2740 Pana-

91 2809 176 2842 ces
221 2793 448 2844 miserat.

162 2947 286 2999 756.
324 2952 398 2996 112
438 2953 719 2996 Panaces
741 2954 768 2996 ἒ

236 3049 286 3096 lu
327 3046 524 3111 alpibus
564 3046 805 3107 Petrosa,
868 3045 971 3108 Pop
1009 3043 1130 3094 Ivau
1180 3052 1227 3092 et
1269 3043 1458 3092 Tatrac
1512 3042 1642 3089 lecta
1692 3041 1932 3105 quaedam

93 3145 366 3210 specimina
408 3147 569 3211 magis
610 3145 932 3207 conveniunt,
970 3162 1067 3194 non
1110 3153 1272 3193 tamen
1304 3141 1563 3207 pedunculi
1602 3140 1773 3189 laeves
1804 3145 1930 3188 sunt.

93 3246 199 3296 Nec
247 3256 374 3311 quae
422 3246 673 3296 Mauksch
724 3247 815 3296 sub
868 3245 1063 3294 nomine
1118 3242 1187 3294 H.
1240 3244 1509 3292 austriaci
1555 3239 1756 3288 miserat
1809 3235 1931 3286 satis

96 3352 394 3412 congruunt.
