2195 3657
1846 116 1963 176 103

123 256 213 305 sub
253 254 371 305 flore
408 255 628 309 nonnihil
670 255 996 314 incrassatis,
1054 256 1222 307 hirtis:
1277 258 1388 322 pilis
1439 275 1527 309 seu
1569 261 1691 311 setis
1729 263 1966 330 simplici-

124 355 240 415 bns,
293 353 580 419 bifidisque3
633 355 888 419 calycibus
926 355 1165 419 hispidis,
1206 357 1324 405 setis
1379 356 1688 422 longioribus
1726 360 1965 425 simplici-

123 453 240 502 busz
277 451 455 502 similis
497 452 543 500 in
585 451 779 501 Krivau
819 454 1112 502 occurrebat
1150 453 1285 503 foliis
1327 464 1489 504 tamen
1528 455 1818 515 latioribus,
1860 459 1964 508 fere

120 550 363 600 obovatis.
454 550 692 614 Vulgaris
748 568 841 600 nou
891 561 1081 602 tautum
1138 554 1244 603 solo
1309 554 1567 616 calcareo,
1637 565 1685 605 ut
1740 564 1962 608 notatum

119 650 261 715 lego,
328 651 414 699 scd
467 658 512 698 et
572 651 921 711 subarenoso,
971 651 1244 715 argillaceo
1306 651 1354 701 in
1405 654 1553 704 siccis
1592 655 1778 719 apricis
1818 657 1964 708 obvia

119 756 208 797 est.
285 746 428 795 Folia
472 746 580 811 plns
621 747 779 796 minus
821 747 1059 797 sinuato·
1100 758 1184 797 ant
1226 752 1718 813 repando-dentata.

161 847 312 896 465.
348 851 418 895 A.
459 851 674 896 setosa
711 845 846 895 mibi.

257 944 421 994 Radix
465 944 722 1007 perennis,
779 944 1083 1007 fusilormis,
1141 946 1577 1011 snbspithamaea,
1640 949 1828 1000 inferne
1880 969 1962 1002 ra-

118 1060 285 1107 mosa,
323 1043 682 1107 nigro-fusca.
756 1044 905 1093 Folia
936 1037 1202 1108 radicalia,
1242 1045 1553 1110 lanceolata,
1593 1048 1962 1102 sinuato-den-

116 1151 249 1205 tata,
291 1142 399 1192 basi
440 1143 486 1192 iu
529 1143 762 1207 petiolum
803 1152 1103 1208 angustata,
1143 1146 1370 1195 dentibus
1410 1146 1651 1212 apiceque
1676 1149 1961 1200 acutiuscu-

112 1243 202 1304 lis,
241 1242 568 1305 subcallosis,
609 1244 732 1292 setis
771 1243 929 1305 albis,
970 1244 1329 1309 longiusculis,
1371 1245 1577 1311 rigidis,
1617 1248 1758 1311 apice
1796 1250 1964 1311 multi-

114 1340 224 1391 fidis
267 1341 484 1406 hispida.
588 1341 742 1407 Scupi
783 1343 1022 1405 solitarii,
1064 1345 1197 1405 bini,
1246 1362 1361 1393 raro
1404 1346 1528 1395 terni
1568 1363 1630 1396 ex
1671 1349 1841 1398 eadem
1881 1367 1963 1399 ra-

113 1440 251 1503 dice,
320 1440 620 1506 spithamaei
680 1451 766 1490 ant
825 1443 972 1507 paulo
1032 1443 1271 1504 altiores,
1342 1446 1520 1509 erecti,
1588 1447 1961 1512 simplicissimi,

83 1539 708 1602 vsubsulcato-angulati,
748 1541 934 1591 foliolis
975 1544 1166 1591 duobus
1208 1543 1481 1594 linearibus
1520 1546 1767 1608 instructi,
1801 1548 1960 1597 altero

112 1657 286 1690 versus
341 1641 513 1701 basin,
574 1657 727 1704 snpra
768 1643 976 1691 medium
1019 1642 1209 1707 altero,
1270 1644 1460 1693 inferne
1511 1645 1686 1695 setnlis
1728 1647 1968 1706 brevibus*

112 1739 240 1789 raris
299 1740 558 1804 adspersi,
634 1758 848 1805 superne
916 1742 1105 1806 glabri,
1184 1745 1274 1794 sub
1350 1744 1522 1811 calyce
1583 1745 1960 1798 subincrassati.

116 1841 277 1907 Calyx
312 1841 537 1907 glaber,
589 1843 992 1905 subpubesceus:
1055 1842 1274 1907 squamis
1334 1843 1961 1908 lanceolam-linearibus,

113 1940 293 1991 acutis.
368 1939 572 2005 Pappus
611 1939 989 2003 substipitatus‚
1031 1941 1305 2004 plumosus.
1359 1942 1571 2009 Reliqua
1607 1960 1959 2008 congenernm.

114 2039 351 2104 Spectata
406 2038 688 2087 definitione
740 2047 956 2088 ceterum
1011 2056 1118 2088 eum
1166 2039 1240 2090 A.
1292 2044 1494 2090 incana
1546 2043 1802 2105 convenit,
1871 2047 1956 2094 scd

112 2137 233 2188 folia
273 2137 749 2198 sinuato-dentata,
790 2136 1179 2199 subruncinata,
1230 2146 1277 2186 et
1318 2138 1455 2202 scapi
1497 2139 1610 2203 pilis
1649 2140 1955 2206 simplicibus

111 2236 415 2302 furcatisqne
456 2235 702 2300 adspersi.

182 2337 302 2387 466.
342 2342 760 2397 'tragopogon
799 2339 1137 2395 pratensis.

251 2434 306 2484 ln
344 2435 504 2498 pratis
539 2434 687 2483 siccis
727 2434 839 2483 inde
879 2436 939 2483 ab
981 2435 1215 2485 Austriac
1271 2436 1507 2505 limitibus
1562 2437 1635 2497 (in
1676 2437 1956 2495 Cotta-,So-

110 2551 270 2598 pron„
310 2532 520 2600 Poson.)
563 2549 717 2598 usqne
758 2532 990 2596 Salvum,
1030 2543 1130 2583 tum
1170 2535 1242 2585 cis
1283 2545 1328 2585 et
1356 2545 1493 2586 trans
1521 2536 1777 2587 Tibiscum
1811 2555 1956 2602 spar-

107 2651 234 2685 sum.
274 2633 343 2700 (A
385 2633 568 2699 Wolny
608 2633 813 2683 missum
853 2635 951 2696 sub,
984 2636 1168 2699 1188.)

178 2733 298 2784 467.
340 2739 408 2782 Τ.
449 2737 804 2783 undulatus.

247 2832 408 2901 Nimis
448 2832 614 2883 affinis
660 2830 721 2884 T.
754 2837 1032 2901 pratensi,
1075 2850 1282 2900 quocum
1326 2833 1496 2897 iisdem
1538 2833 1587 2884 in
1627 2835 1953 2902 locis-occur-

107 2931 194 2991 rit,
238 2933 410 2995 eodem
452 2941 672 2998 tempore
713 2933 922 3005 floreus,
984 2933 1053 2982 ita
1106 2934 1156 2983 in
1209 2934 1365 2997 pratis
1415 2936 1475 2984 ad
1527 2934 1688 2986 Kaloz
1737 2937 1951 3003 alibique

110 3049 198 3096 per
230 3032 435 3092 >Cottum
474 3032 768 3095 Albensem,
810 3033 1253 3099 Siimeghicnsem,
1303 3034 1670 3101 syrmiensem,
1728 3037 1952 3101 perBa-

107 3140 307 3196 natum,
345 3132 394 3182 in
435 3130 655 3183 Oroatia.

178 3233 300 3293 468.
344 3238 413 3293 Τ.
453 3239 796 3291 pubescens
835 3232 971 3293 mihi.

249 3330 550 3399 Definitione
606 3329 669 3382 T.
709 3333 1018 3387 orientalis:
1070 3332 1271 3397 corollis
1320 3349 1493 3397 nempe
1546 3332 1713 3397 calyce
1752 3330 1947 3393 longio-
