2195 3657
222 99 309 160 80

220 250 463 300 Volkensi
515 267 668 315 snpra
725 258 1069 310 catarractas,
1141 251 1233 298 sub
1302 249 1556 299 cacumine
1614 250 1860 300 altissimo
1921 250 2072 300 Lom-

220 349 450 400 nitzensi.

293 450 415 499 340.
453 455 519 498 P.
558 451 1068 506 macl-ophyllum.
1110 446 1182 494 Pl.
1226 464 1323 497 rar.
1367 448 1597 512 Hung.l.
1641 456 1674 498 t.
1697 449 1781 498 94.

363 549 414 596 ln
457 554 618 595 moute
658 545 839 609 Papuk
879 544 1181 609 Slavoniae,
1219 545 1268 594 in
1309 545 1516 596 Oroatia
1553 547 1615 595 ad
1661 585 1674 598 .
1715 583 1725 593 .
1769 584 1781 597 .

289 647 409 697 341.
451 651 517 694 P.
557 650 1005 705 corymbosum.

362 745 417 793 ln
456 743 701 792 fruticetis
741 752 800 809 ¹et
852 743 994 792 silvis
1045 743 1273 802 caeduis3
1331 742 1446 807 quin
1497 753 1543 791 et
1600 744 1648 791 in
1700 742 1977 805 subalpinis
2027 751 2075 792 ct

219 844 404 908 alpinis
443 842 680 893 Croatiae
723 842 878 908 (velut
919 843 964 891 in
1007 841 1249 904 Merszin‚
1291 840 1529 904 Szamar,
1569 830 1800 909 Badany')
1841 841 2075 904 occurrit,

219 945 309 992 snb
366 944 480 1006 alpe
521 942 938 991 Marmarosiensi
981 942 1224 1002 Petrosa,
1277 940 1326 989 in
1376 940 1490 1003 alpe
1530 941 1635 1004 Pop
1676 941 1798 990 Ivan
1854 951 1900 990 et
1938 940 2073 990 misit

219 1042 495 1092 Genersich
540 1060 627 1105 pro
668 1059 823 1102 novo,
863 1043 912 1089 in
953 1040 1150 1104 alpibus
1191 1040 1636 1104 Bereghiensibus.

287 1143 408 1193 342.
448 1148 515 1191 Ρ.
555 1143 1005 1190 Parthemium.

359 1243 410 1290 lu
452 1241 600 1289 Cottu
639 1239 853 1290 Arvensi
894 1239 1017 1304 legit
1058 1238 1112 1287 C.
1158 1220 1454 1288 Wald'stein.

287 1340 407 1392 343.
449 1346 516 1389 Ρ.
555 1344 905 1389 inodorum.

355 1439 627 1503 Copiosum
666 1440 716 1488 in
759 1439 982 1489 arvis’et
1018 1437 1145 1486 inter
1184 1445 1406 1501 segetes.

288 1540 411 1591 344.
452 1543 971 1599 Crysanthemum
1009 1539 1416 1585 tenui-folium
1456 1534 1592 1584 mihi.

358 1639 521 1688 Affine
573 1637 623 1686 C.
674 1638 924 1698 inodora,
993 1637 1081 1686 sed
1140 1635 1391 1684 diversum
1431 1635 1573 1684 caule
1623 1642 1788 1683 erecto
1841 1633 2071 1698 simplici,

213 1757 428 1806 superne
472 1742 570 1790 late
612 1740 1188 1804 corymboso-ramoso:
1230 1736 1435 1785 floribus
1477 1734 1788 1801 majoribus,
1828 1735 2072 1800 calycinis

215 1840 437 1904 squamis
489 1839 706 1899 obtusis;
767 1837 1042 1888 seminibus
1094 1835 1290 1885 omnino
1339 1834 1514 1898 nudis,
1579 1852 1666 1884 scu
1709 1850 1874 1898 pappo
1917 1817 2072 1883 desti-

216 1938 350 1987 tutis.

358 2036 526 2086 Radix
575 2051 772 2096 annua,
835 2050 1066 2096 ramosa,
1127 2034 1387 2096 flexuosa,
1452 2032 1501 2081 in
1551 2031 1766 2082 fibrosas
1817 2030 2071 2082 radiculas

214 2138 406 2202 divisa,
456 2136 616 2185 fusca.
697 2134 869 2184 Caulis
911 2133 1199 2195 solitarius,
1248 2142 1445 2181 erectus
1490 2131 2075 2198 1¹l2——721s2-pedalis‚

214 2235 739 2296 subulato-striatus‚
779 2234 986 2299 glaber,
1023 2232 1211 2296 laevis,
1254 2233 1385 2281 ultra
1425 2234 1637 2280 medium
1677 2231 1949 2293 indivisus,
1988 2247 2075 2280 su-

215 2354 368 2402 perne
419 2335 609 2385 divisus
661 2335 706 2383 in
748 2351 915 2382 ramos
965 2333 1341 2396 longiusculos‚
1391 2331 1820 2396 simplicissimos,
1871 2330 2075 2380 bifidos-

214 2453 336 2502 que,
398 2436 681 2501 corymbum
735 2450 902 2483 rarum
953 2433 1347 2494 constituentes,
1412 2431 1572 2482 culmo
1633 2430 1782 2480 tritici
1841 2430 2073 2480 crassitie

215 2536 472 2601 aequalis,
524 2535 827 2585 crassiorvc.
902 2532 1045 2582 Folia
1087 2533 1292 2598 glabra,
1347 2532 1632 2596 bipinnata,
1694 2530 1912 2594 pinnulis
1953 2530 2075 2579 sim·-

217 2636 504 2701 plicissimis
528 2633 891 2695 bi-trifidisve,
934 2631 1526 2693 setaceo-filiformibus‚
1566 2629 1890 2692 acutissimis,
1930 2628 2074 2694 apice

217 2736 427 2798 albidis,
497 2733 741 2784 iuferiora
807 2732 1077 2797 petiolata:
1153 2732 1356 2797 petiolis
1413 2729 1739 2794 marginatis,
1814 2729 2075 2790 carinatis,

216 2835 443 2900 margine
483 2833 656 2884 foliola
698 2832 1073 2895 simplicissima
1109 2831 1419 2897 gerentibus.
1477 2830 1654 2879 Flores
1694 2846 1946 2878 ramorum
1974 2837 2075 2877 ter·

215 2934 457 2996 minales,
513 2934 736 3000 majores
789 2932 905 2998 quia
952 2932 1004 2981 in
1053 2930 1107 2982 C.
1157 2931 1404 2988 inodora,
1468 2931 1574 2979 fere
1627 2925 1968 2993 magnitudine
2021 2925 2074 2978 C.

211 3032 514 3083 Leuc-anth.
589 3031 866 3082 Pedunculi
894 3038 1110 3094 teretes,
1156 3031 1349 3093 striati,
1390 3031 1481 3080 sub
1518 3029 1688 3096 calyce
1730 3027 1955 3078 nonnihil
1995 3027 2073 3077 in·-

214 3132 447 3183 crassati.
523 3131 685 3198 Calyx
721 3130 1186 3194 hemisphaericus,
1237 3131 1398 3180 medio
1440 3147 1528 3194 pro
1568 3127 1842 3178 insertione
1882 3128 2076 3192 pedun-

215 3233 312 3282 culi
351 3233 656 3297 impressus,
696 3231 898 3296 glaber:
941 3229 1163 3295 squamis
1205 3228 1416 3293 obtusis,
1459 3232 1607 3278 dorso
1649 3227 1783 3277 linea
1824 3226 2070 3276 eminente

213 3333 356 3383 viridi
408 3331 693 3393 instructis,
746 3330 1094 3403 ⁴exterioribus
1132 3329 1434 3396 linearibus,
1496 3328 1821 3378 interioribus
1869 3327 2073 3384 lanceo-
