2195 3657
1825 178 1950 238 203

110 327 159 377 in
217 327 486 391 specimine
541 343 570 376 a
626 325 919 377 Willdenow
970 327 1120 377 misso
1161 327 1214 378 S.
1255 328 1556 392 saginoide's
1608 329 1740 378 brevi
1795 328 1951 378 arista

114 425 452 476 terminantur.

195 525 317 574 915.
358 527 765 573 scleranthus
804 541 1062 573 annuus.

253 623 300 672 ln
342 622 480 672 arvis
522 621 829 686 potissimum
869 622 1229 680 sterilioribus,
1291 624 1337 673 in
1378 624 1644 687 lapidosis,
1708 626 1950 686 arenosis,

112 721 190 770 ubi
234 737 418 786 saepe,
461 721 593 770 velut
633 723 694 772 ad
736 720 904 783 Izsak,
944 723 1025 771 vix
1064 722 1333 785 pollicaris.
1394 724 1576 773 Caules
1619 725 1833 790 ramique
1859 743 1949 789 pu-

108 824 386 872 bescenteS.
499 821 645 872 Folia
686 822 792 871 basi
834 821 1042 871 dilatata
1084 824 1461 873 membranacea
1515 824 1679 874 riliata
1721 833 1947 874 connata.

106 923 146 971 A
186 920 438 971 Mauksch
479 922 569 970 sub
609 937 738 969 nom.
782 920 837 970 S.
877 919 1174 985 perennis?

190 1021 312 1071 916.
351 1024 410 1071 S.
450 1023 765 1079 perennis.

233 1119 430 1170 -Caules
469 1138 565 1169 non
609 1120 843 1183 prostrati
888 1122 958 1181 (ut
1000 1119 1155 1169 smith
1197 1121 1242 1169 in
1284 1120 1358 1168 Fl.
1402 1121 1535 1185 brit.)
1574 1137 1740 1170 verum
1784 1138 1948 1172 ramo-

105 1221 318 1271 sissimi:
359 1221 509 1270 ramis
550 1220 693 1269 nudis
736 1220 1017 1291 patentibus
1058 1220 1458 1271 ascendentibus.
1536 1221 1729 1285 Optime
1772 1222 1947 1286 digno-

103 1321 285 1381 scitur,
327 1320 550 1385 calycum
590 1320 785 1370 laciniis
826 1319 1051 1382 margine
1094 1321 1510 1381 membranaceis,
1564 1321 1768 1372 obtusis.
1845 1322 1947 1371 Re-

100 1420 236 1485 liqua
288 1419 391 1469 fere
443 1420 640 1485 prioris.
718 1420 942 1470 Stamina
997 1421 1074 1471 10.
1167 1420 1294 1486 Styli
1343 1423 1389 1472 2.
1480 1420 1651 1470 Caulis
1702 1429 1749 1470 et
1800 1422 1946 1487 calyx

103 1519 393 1582 pubescens.
481 1516 623 1565 Folia
683 1518 786 1567 basi
852 1518 1060 1568 dilatata
1117 1527 1358 1579 connata,
1419 1518 1604 1568 ciliata.
1694 1518 1944 1584 Stigmata

100 1617 378 1682 simplicia,
437 1617 566 1667 alba.
646 1618 778 1666 Odor
826 1618 928 1665 fere
971 1614 1201 1666 Geram'e'
1249 1622 1598 1684 inquz'nantz'S.
1677 1621 1725 1667 ln
1768 1619 1945 1668 monti-

103 1719 190 1766 bus
241 1717 425 1780 aprieis
485 1719 543 1765 ad
589 1717 832 1779 Oravira,
904 1717 1085 1766 Versec
1127 1725 1218 1765 etr.
1335 1718 1480 1766 Circa
1521 1718 1660 1768 Laaz
1709 1719 1757 1768 in
1798 1719 1944 1769 Cottu

102 1816 458 1866 Trencsine-nsi
501 1817 709 1865 Rochel.
790 1818 839 1866 ln
880 1817 1086 1881 rupibus
1126 1819 1187 1867 ad
1229 1818 1427 1879 Paulis,
1468 1819 1515 1867 in
1557 1819 1801 1869 montibus
1834 1821 1947 1869 Me-

101 1916 441 1978 nesiensibus,
494 1924 593 1965 tum
634 1919 693 1965 ad
727 1933 890 1965 arcem
946 1926 1042 1967 vet.
1083 1916 1307 1979 Vilagos.

187 2017 307 2066 917.
347 2018 565 2066 Alsine
602 2019 826 2065 media.

242 2117 290 2165 lu
333 2116 495 2166 cultis.

312 2220 362 2279 β.
415 2218 689 2282 elongata.
765 2216 912 2266 Folia
985 2225 1161 2279 ovata,
1226 2217 1518 2268 intermedia
1585 2219 1781 2282 petiolis
1842 2221 1941 2270 late

99 2313 392 2378 marginatis
433 2315 645 2378 ciliatis,
707 2315 933 2365 caulibus
973 2315 1112 2378 apice
1155 2316 1475 2378 dichotomis‚
1538 2317 1740 2368 floribus
1791 2320 1943 2370 fasci-

99 2413 315 2470 culatis3
356 2411 534 2475 petalis
574 2411 797 2476 germine
840 2412 1168 2462 brevioribus.

307 2533 351 2579 y.
404 2514 641 2579 apetala.
722 2511 989 2577 Calyribus
1030 2511 1144 2562 altis
1182 2513 1418 2575 hirsutis3
1461 2516 1637 2578 petalis
1674 2516 1939 2566 subnullis:

98 2611 392 2661 staminibus
443 2612 492 2661 2.
588 2610 811 2659 Pestbiui
866 2610 1082 2660 tenerior
1122 2611 1278 2673 lecta,
1345 2613 1502 2677 major
1551 2632 1581 2663 a
1620 2615 1802 2679 Wolny
1852 2633 1938 2679 pro

98 2730 222 2762 nova
268 2711 436 2762 missa.

182 2813 307 2864 918.
347 2814 665 2861 Arenaria
702 2816 942 2861 tenella
978 2810 1131 2860 mihi.-

237 2911 419 2961 Caules
460 2911 693 2960 inferiore
737 2919 875 2974 parte
917 2910 1128 2968 ramosi,
1194 2912 1576 2973 decumbentes,
1617 2910 1728 2960 inde
1774 2911 1938 2975 plures

98 3011 248 3059 erecti
303 3020 387 3060 aut
456 3012 846 3067 adscendenteS‚
919 3009 1123 3060 floriferi
1191 3010 1576 3074 simplicissimi,
1639 3011 1940 3079 1¹s2—-2-

99 3110 393 3173 pollicares‚
435 3111 680 3176 grat-iles,
723 3112 1069 3174 pubescentes.
1148 3110 1290 3160 Folia
1333 3111 1938 3173 obovato-cuneiformia‚

97 3211 302 3272 obtusa,
352 3210 559 3274 glabra,
620 3211 727 3261 basi
764 3210 961 3270 ciliata,
1024 3227 1083 3258 ex
1137 3211 1291 3261 axilla
1329 3211 1486 3261 altera
1529 3211 1819 3260 fasciculum
1860 3210 1936 3257 fo-

98 3309 270 3359 liorum
313 3310 684 3371 brevissimum,
723 3311 857 3359 velut
895 3310 1017 3360 rami
1061 3310 1383 3359 rudimentum
1426 3310 1715 3374 promentia.
1759 3308 1933 3356 Flores

96 3407 410 3471 terminales,
464 3425 730 3473 perumque
773 3409 868 3458 bini
913 3409 1100 3475 (rarius
1154 3409 1380 3469 uilicus),
1431 3409 1645 3456 breviter
1687 3407 1934 3469 peduncu-
