2195 3657
1850 131 1972 193 107

133 277 320 341 busque
368 275 578 340 glabris.
656 279 708 324 ln
746 275 912 340 agris,
953 276 1144 340 vineis,
1193 279 1254 329 ad
1297 295 1474 343 sepes,
1512 279 1723 347 alibique
1763 282 1809 331 in
1848 283 1970 333 loris

129 373 277 424 siet-is
315 391 419 424 var.
474 396 521 424 α.
562 391 658 422 non
697 373 982 438 infrequens
1018 384 1110 424 est.
1208 379 1250 426 A
1290 378 1471 444 Wolny
1529 379 1713 430 missus
1755 382 1844 430 sub
1884 399 1971 432 no-

128 472 256 522 mine
294 472 350 523 S.
390 473 628 522 oleraceo?
663 480 711 521 et
751 489 831 520 no.
856 472 918 534 3,
956 475 1115 537 94v0‚
1167 477 1230 525 ab
1273 478 1443 525 eodem
1486 478 1656 543 accepi
1699 480 1971 544 specimina

130 573 224 626 sub·
260 589 340 623 no.
367 573 437 622 90
476 570 607 621 foliis
648 571 806 621 minus
846 572 1054 636 iubatis,
1108 583 1154 623 et
1211 575 1343 625 aliud
1384 579 1474 626 sub
1516 595 1594 630 no.
1621 577 1690 629 89
1726 579 1859 630 foliis
1896 580 1972 630 iu-

129 672 282 737 tegris
322 658 842 734 obovato-euneatis,
902 674 1029 737 quod
1089 691 1174 737 pro
1228 675 1390 725 tertiav
1422 677 1665 728 varietate
1702 697 1751 744 y.
1793 681 1968 730 adduci

129 779 309 838 potest.
384 771 636 821 Mauksrh
689 787 794 821 var.
840 776 898 835 ῥ’.
952 773 1104 821 semel
1155 773 1288 823 misit
1341 792 1451 824 cum
1504 778 1822 842 quaestione:
1871 781 1969 841 ,‚S.

129 888 253 938 qnae
294 871 574 936 species‘3“
616 872 777 921 altera
814 871 918 921 vice
945 890 1051 936 ‘pro
1094 873 1336 923 varietate
1374 874 1431 925 S.
1453 882 1694 926 arnensis
1732 879 1969 943 agnitam.

127 995 130 999 ⁴
202 969 323 1022 483.
361 974 419 1019 S.
458 973 845 1030 uliginosus?
883 971 955 1020 M.
992 986 1023 1020 a
1048 971 1105 1021 B.
1166 971 1244 1023 Fi.
1283 980 1409 1023 taur.
1450 989 1587 1022 canc.
1627 975 1685 1023 ΙΙ.
1725 977 1847 1030 238.
1886 980 1974 1027 (le.

129 1070 349 1135 scriptus
387 1071 478 1118 sub
521 1087 651 1121 nom.
691 1069 747 1122 S.
788 1071 1040 1119 exaltati
1075 1070 1122 1119 in
1150 1070 1286 1131 ‘dian
1327 1071 1380 1124 it.
1420 1072 1726 1124 Raukensis.

276 1169 376 1218 Sed
407 1186 515 1219 cum
543 1170 758 1219 radicem
784 1170 966 1220 habeat
992 1179 1244 1234 repentem
1274 1188 1557 1236 perennem,
1584 1172 1646 1225 S.
1672 1176 1981 1240 uliginosus-

127 1277 289 1319 autern
331 1285 526 1320 annuus
566 1269 783 1331 dir-atur,
836 1280 880 1318 et
936 1270 1016 1319 hie
1057 1273 1320 1321 adserente
1368 1272 1568 1322 laudato
1623 1281 1825 1324 auctore
1866 1293 1970 1324 me-

127 1369 235 1419 dius
274 1368 346 1440 sit·
376 1369 503 1417 inter
539 1368 592 1419 S.
635 1386 914 1418 arvensem
966 1376 1011 1418 et
1051 1371 1382 1433 olm-acerem,
1448 1388 1585 1423 inens
1625 1371 1688 1424 S.
1728 1380 1972 1425 arvense‘s

129 1467 354 1540 varietas*
388 1467 508 1531 erit,
552 1466 664 1516 lieet
705 1468 766 1517 ad
807 1466 1012 1517 Herlein
1052 1469 1100 1517 in
1140 1469 1267 1518 sitva
1308 1469 1416 1519 loco
1464 1471 1774 1535 subhumido‚
1816 1474 1883 1522 nti
1926 1483 1972 1522 et

127 1569 175 1617 in
213 1569 356 1618 horto
400 1568 495 1617 bot.
535 1566 646 1615 loeo
690 1568 919 1616 umbroso
971 1570 1031 1616 ad
1075 1584 1278 1635 orgyam
1322 1579 1366 1617 et
1419 1570 1549 1619 ultra
1601 1571 1852 1622 exaltatus
1893 1573 1974 1637 sit,

128 1676 175 1717 et
215 1652 466 1718 Schrader
517 1668 723 1717 eundem
778 1684 863 1733 pro
915 1667 970 1718 S.
1011 1669 1278 1733 uliginoso
1333 1670 1681 1721 deelaraverit.
1797 1672 1974 1738 Wolny

121 1766 279 1828 huno,
329 1773 378 1814 ut
418 1763 610 1813 videtur
661 1781 748 1828 pro
788 1763 845 1814 S.
885 1765 1126 1815 oleraceo
1186 1767 1277 1814 sub
1318 1784 1362 1816 n.
1401 1769 1470 1817 92
1509 1768 1664 1829 misit5
1721 1769 1846 1819 idem
1885 1788 1973 1820 va·

123 1866 349 1915 rietatem
400 1865 530 1914 foliis
581 1864 1067 1927 lato-lanceolatis,
1127 1865 1368 1931 integris,
1421 1868 1740 1929 inferioribus
1791 1887 1967 1938 versus

126 1964 283 2015 basim
324 1963 698 2030 angustioribus
740 1964 875 2014 misit
922 1965 1011 2013 sub
1054 1981 1181 2013 nom.
1225 1965 1278 2016 S.
1320 1964 1669 2035 crassejfolie‘?
1706 1970 1891 2020 no.31.

193 2066 312 2117 484.
351 2068 409 2113 S.
449 2069 794 2113 oleraeeus.
1730 2054 1734 2057 ⁵

263 2163 519 2214 Foliorum
560 2164 721 2213 forma
771 2180 1077 2230 magnopere
1134 2165 1321 2215 variat:
1376 2174 1574 2230 praeter
1622 2166 1813 2232 figuras
1865 2168 1972 2218 ino-

123 2281 231 2314 rum
269 2264 441 2313 obvias
479 2263 529 2313 in
570 2263 662 2313 Kis
701 2264 917 2315 Velenee
958 2264 1054 2330 vidi
1103 2265 1222 2314 solia
1263 2266 1556 2316 cochleata:
1609 2266 1703 2316 fine
1745 2267 1968 2317 nimirum

123 2364 286 2430 amplo
325 2365 611 2426 rotundato,
653 2363 876 2429 margine
921 2365 1022 2415 lato
1073 2366 1269 2430 aequali
1312 2383 1399 2431 per
1438 2367 1626 2417 rachim
1668 2369 1974 2438 decurre-nte.

124 2463 164 2513 A
206 2463 391 2529 Wolny
431 2462 614 2513 missus
655 2465 745 2513 sub
787 2482 867 2515 no.
891 2463 976 2514 93.

196 2548 315 2615 485.
354 2568 413 2612 S.
456 2578 665 2623 asper.

288 2682 340 2713 a.
393 2661 553 2713 Foliis
593 2652 870 2716 runcinatis
909 2669 994 2712 aut
1047 2661 1144 2712 alio
1184 2665 1326 2713 modo
1376 2663 1626 2714 laciniatis
1674 2690 1725 2708 τ-
1770 2651 1828 2716 S.
1867 2667 1974 2715 ole-

1774 2753 1838 2815 S.
1866 2766 1972 2814 ole-

122 2878 315 2911 raceus
354 2863 400 2913 ὃ.
443 2862 531 2927 Sp.
571 2862 646 2913 Pl.
701 2879 788 2912 sen
828 2860 889 2913 S.
932 2880 1097 2929 asper
1158 2880 1251 2912 non
1292 2862 1346 2913 S.
1391 2864 1689 2913 la‘ce'niatus
1728 2863 1971 2913 Tournef.

125 2779 316 2811 raceus
351 2782 398 2828 γ.
445 2762 533 2826 Sp.
577 2763 672 2825 ΡΙ.,
728 2769 782 2826 β.
824 2762 954 2812 foliis
997 2762 1205 2827 integris
1245 2781 1341 2813 non
1383 2763 1630 2814 laciniatis

1678 2789 1728 2808 ΙΙ

124 2959 238 3010 inst.
279 2961 399 3011 47-1.
510 2961 690 3026 Wolny
743 2960 1033 3011 varietatem
1075 2965 1126 3023 ῥ’.
1168 2962 1257 3010 snb
1300 2979 1375 3010 no.
1410 2961 1479 3011 95
1520 2960 1652 3011 misit
1690 2944 1831 3012 foliis*
1866 2964 1971 3012 basi

126 3059 386 3111 latioribus
427 3061 679 3125 cordatis,
707 3073 880 3127 ⁴quam
921 3054 1014 3126 ego
1057 3060 1187 3126 legi,
1248 3060 1380 3110 foliis
1423 3069 1496 3110 est
1536 3078 1667 3111 vers.
1711 3062 1850 3113 basin
1884 3074 1971 3112 an·-

125 3161 357 3226 gustatis.

197 3262 317 3311 486.
358 3265 415 3310 S.
457 3266 785 3313 coeruleus
836 3260 995 3314 Smith
1049 3260 1126 3312 Fi.
1180 3261 1393 3311 britan.
1445 3261 1564 3313 815.
1643 3259 1702 3312 S.
1755 3262 1971 3326 alpinus

127 3358 216 3423 Sp.
255 3357 330 3410 Pl.
373 3358 457 3410 ΙΙΙ.
498 3360 654 3411 1519.
