2195 3657
1825 156 1955 217 305

194 303 346 356 1273.
398 308 461 355 (3.
503 308 777 365 supinus.

260 404 311 452 Iu
353 404 598 454 montanis
649 405 835 470 apricis
886 403 1118 454 montium
1172 404 1644 456 mediterraneorum
1695 422 1737 455 e.
1774 422 1817 458 e.
1860 407 1959 455 Bu-

117 502 242 564 dae,
283 502 534 565 Budaors,
574 502 786 553 Pomasz
827 511 941 565 etc„
982 504 1041 553 ad
1084 503 1279 554 Bekees
1320 503 1497 555 Cottus
1537 505 1780 570 Zernplin.

191 628 345 680 1274.
383 633 446 679 C.
487 633 805 680 serotinus
846 631 982 680 mihi.

262 726 449 778 Caules
507 730 721 791 ramosi,
781 732 1111 780 ascendentes
1160 740 1245 780 aut
1309 732 1487 794 erecti,
1551 731 1702 782 ramis
1760 730 1962 794 teneris,

116 827 342 878 hirsutis.
417 827 615 879 Foliola
664 829 908 895 oblonga,
962 830 1142 894 petiolo
1201 831 1347 896 paulo
1400 831 1656 895 longiora,
1713 833 1963 882 ollovato-

119 935 363 993 minema,
417 937 736 992 mucronata,
793 931 971 980 obtusa
1019 939 1105 980 aut
1155 931 1495 995 acutiuscula,
1568 948 1719 996 supra
1770 932 1965 996 glabra,

118 1029 292 1077 subtus
329 1028 525 1079 hirsuta
566 1029 678 1094 pilis
719 1030 1046 1091 subserieeis'‚
1103 1031 1393 1081 brevissime
1436 1030 1703 1095 petiolata3
1747 1030 1964 1094 petiolus

119 1129 392 1179 eommunis
430 1128 652 1179 hirsutus
694 1130 838 1195 pilis,
879 1140 927 1179 ut
963 1131 1012 1180 in
1050 1131 1221 1195 ramis,
1261 1131 1557 1196 patentibus.
1618 1130 1798 1181 Flores
1839 1131 1967 1181 late-

122 1228 256 1278 rales
296 1228 566 1292 axillares‚
605 1230 739 1291 bini,
782 1231 937 1293 terni,
989 1231 1336 1296 pedunculati,
1395 1230 1731 1281 erectiuseuli.
1803 1229 1966 1296 Calyx

123 1327 454 1394 rylindrieus,
494 1329 749 1393 hirsutus,
789 1331 1094 1394 bilabiatus,
1135 1332 1265 1381 labio
1308 1332 1566 1397 superiore
1608 1331 1787 1381 bilobo.
1868 1329 1969 1379 Co-

121 1429 248 1480 rolla
286 1429 447 1492 flava,
487 1429 698 1494 glabra,
739 1447 937 1496 magua.
1014 1431 1242 1481 Stamina
1284 1431 1449 1481 omnia
1490 1439 1720 1481 connata.
1797 1429 1967 1493 Legu-

122 1547 234 1580 men
271 1529 678 1581 lnirsutissimum.
788 1529 967 1580 Differt
1007 1531 1159 1597 igitur
1200 1548 1227 1581 a
1268 1529 1318 1583 G.
1356 1530 1594 1581 hirsuto.-
1653 1529 1840 1579 foliolis
1881 1529 1969 1577 ob-

121 1629 317 1695 longis,
369 1646 522 1694 supra
562 1627 782 1694 glalsris3
834 1629 1039 1678 floribus
1080 1629 1375 1680 lateralibus
1416 1629 1544 1679 binis
1585 1629 1829 1691 ternisve,
1878 1627 1971 1676 flo-

122 1726 370 1778 rescentia
410 1726 650 1776 serotina.
706 1724 851 1775 Folia
893 1724 1180 1778 Cdzirsuto
1221 1725 1446 1791 utrinque
1486 1725 1695 1788 hirsuta,
1738 1727 1969 1787 onorata,

125 1828 242 1877 dicit
279 1828 353 1877 M.
379 1826 454 1890 B„
494 1835 540 1875 et
581 1826 732 1876 flores
774 1826 1010 1877 laterales
1051 1834 1383 1891 aggregawS.
1473 1827 1522 1875 ln
1564 1835 1680 1876 uota
1719 1842 1837 1875 vero
1878 1826 1970 1875 lios

125 1929 228 1978 fere
282 1944 369 1994 per
420 1935 551 1978 totos
605 1943 770 1977 ramos
828 1944 1065 1992 sparsoS,
1135 1926 1390 1977 solitarios
1448 1926 1523 1975 vel
1583 1926 1809 1992 geminos
1859 1942 1969 1976 esse

125 2029 257 2077 dicit.
355 2028 429 2079 Ad
488 2029 660 2093 pedem
712 2026 892 2078 montis
930 2027 1214 2093 Nagyhegy
1264 2044 1358 2077 non
1417 2026 1586 2091 proeul
1627 2025 1877 2077 Muukaes
1924 2033 1972 2075 et

127 2129 176 2179 iu
215 2129 343 2180 silva
384 2128 614 2181 Giidollii.

204 2259 352 2312 1275.
403 2261 466 2308 (3.
507 2259 928 2318 seepusiensis
967 2256 1102 2306 mihi.

267 2355 457 2406 Similis
498 2357 583 2406 sed
623 2354 958 2420 leguminibus
999 2351 1218 2418 glabris,
1279 2360 1464 2402 tantuin
1504 2351 1564 2401 ad
1606 2358 1805 2400 suturas
1844 2350 1973 2414 pilo-

129 2458 200 2507 sis
241 2457 288 2507 in
313 2455 558 2522 Scepusio
601 2456 815 2506 occurrit
855 2455 904 2504 in
944 2453 1070 2504 silva
1112 2452 1387 2518 episcopali
1428 2453 1632 2512 ext-isa,
1670 2450 1970 2500 aMaukseli

129 2558 218 2606 sub
259 2572 389 2606 nom.
431 2552 485 2606 C.
523 2556 707 2620 supini
742 2553 883 2618 Majo
925 2552 1107 2602 floreus
1148 2551 1346 2602 missus.
1457 2549 1656 2598 Foliola
1705 2549 1782 2597 vel
1822 2556 1971 2597 acuta

130 2658 206 2708 vel
247 2658 426 2706 obtusa
466 2672 574 2705 cum
614 2670 875 2716 mucrone,
929 2654 1105 2704 subtus
1145 2650 1598 2702 sericeo-hirsuta.
1674 2648 1768 2697 Pili
1810 2664 1973 2697 raino-

131 2774 264 2820 rum,
304 2755 722 2822 pedunculornm,
764 2754 1086 2820 calycnmque
1125 2751 1293 2817 longi,
1330 2757 1574 2814 patentes.

203 2900 357 2951 12764
398 2901 467 2948 (ἒᾱ
501 2899 806 2947 hirsutus.

274 2999 582 3062 Quandoque
622 2996 668 3046 in
710 2994 921 3046 «liversis
963 2993 1183 3060 ejusdem
1232 2990 1402 3056 stirpis
1452 2989 1605 3040 ramis
1654 2989 1804 3039 flores
1862 2995 1974 3038 sunt

131 3098 369 3150 laterales
408 3094 777 3157 remotinsenli,
818 3094 902 3143 alii
942 3092 1148 3142 conferti
1191 3087 1586 3155 subaggregati,
1627 3102 1972 3152 nonnunquam

135 3214 287 3265 prope
328 3198 388 3247 ad
419 3195 472 3246 C.
499 3199 804 3262 capitatum
840 3193 1032 3244 aceedit
1073 3189 1468 3253 infloreseentia,
1508 3187 1871 3254 prolongantur
1898 3195 1974 3235 ta-

134 3316 245 3348 men
283 3295 407 3346 rami
448 3295 578 3345 ultra
618 3294 793 3358 flores,
834 3299 884 3342 ut
922 3292 970 3342 hi
1019 3290 1256 3341 laterales
1297 3291 1537 3349 evadant,
1575 3304 1664 3336 nee
1705 3285 1973 3348 capitulum

136 3397 397 3449 terminale
437 3395 883 3457 suhumbellatum,
923 3401 974 3442 ut
1014 3393 1111 3442 isti.
1198 3390 1271 3440 Ad
1311 3388 1602 3454 Keszthely‚
1640 3385 1974 3452 Nagysziilliis

1606 3485 1677 3537 20
