2195 3657
267 160 392 226 322

343 316 497 369 1352.
537 322 607 365 A.
645 318 917 375 alpinus.

412 415 625 480 Calyces
679 413 792 479 pilis
845 413 1004 480 nigris
1057 414 1224 463 obsiti.
1320 415 1373 464 ln
1426 415 1631 464 summis
1683 414 1875 479 alpium
1927 414 2128 480 past-:uis

270 514 516 578 Seepusii.
593 513 760 564 Etiam
802 530 827 562 e
867 513 1255 565 Transsilvania
1308 531 1337 565 a
1379 514 1736 580 Baumgacten.

350 626 505 677 1353.
544 631 615 678 A.
654 629 990 684 arulensis.

409 727 463 775 ln
502 726 845 791 frigidissimis
885 725 1070 790 alpium
1105 725 1245 791 jugis
1285 725 1540 792 Soepusii.
1653 728 1852 792 Scapus
1905 728 2129 793 quando-

269 841 359 890 que
402 825 523 874 solia
562 834 773 890 aequat,
826 842 1177 890 nonnunquam
1216 825 1399 875 iisdem·
1435 826 1634 876 brevior
1671 828 1755 877 vix
1799 826 1980 890 pollice
2017 824 2128 876 lona·

268 925 396 990 gior.
479 924 643 976 Etiam
686 943 709 973 o
753 925 1145 977 Transsilvania
1186 927 1276 976 sub
1317 926 1512 976 nomine
1553 925 1623 978 A.
1657 930 1903 984 moutam·
1945 925 2130 982 missus

266 1025 393 1075 idem
448 1042 560 1076 esse
603 1026 812 1077 videtur.
885 1080 887 1082 ,

343 1142 497 1192 1354.
537 1146 608 1189 A.
647 1144 997 1190 montanus.

410 1239 596 1290 Caules
648 1257 735 1290 seu
791 1240 932 1304 scapi
982 1239 1172 1304 aliquot
1223 1255 1285 1288 ex
1336 1240 1512 1290 eadem
1564 1241 1731 1293 radice
1790 1239 2035 1304 iidemque
2079 1247 2128 1288 ut

270 1339 438 1405 petioli
481 1349 527 1388 et
567 1339 739 1389 foliola
792 1339 907 1404 pilis
949 1339 1079 1390 albis
1128 1339 1362 1389 mollibus
1415 1339 1747 1405 longiusculis
1801 1339 1912 1405 plus
1964 1338 2128 1389 minus

269 1441 443 1504 pilosi3
496 1440 669 1490 foliola
707 1439 814 1506 jam
853 1440 1166 1503 lanceolata,
1210 1440 1315 1506 jam
1358 1439 1858 1491 ovato-lanceolata.
1952 1439 2132 1488 Flores

271 1543 460 1606 patuli,
519 1559 641 1607 quos
682 1544 1012 1592 subnutantes
1055 1541 1192 1606 ponit
1234 1540 1303 1589 M.
1346 1541 1432 1604 B.,
1489 1550 1537 1590 et
1577 1551 1774 1591 erectos
1813 1539 2131 1598 Willdenow,

268 1641 477 1693 Habitat
514 1641 564 1691 in
605 1641 894 1691 editissimis
929 1641 1117 1707 alpium
1159 1641 1571 1706 Scepusiensium
1607 1640 1765 1707 jugiS.

345 1757 497 1808 1355.
537 1762 608 1805 A.
649 1760 1223 1815 monspessulanus.

411 1856 618 1907 Habitat
658 1857 704 1906 iu
730 1855 1140 1917 Transsilvania‚
1193 1857 1315 1905 unde
1356 1873 1386 1906 a
1429 1856 1546 1908 Dre.
1576 1855 1933 1921 Baumgarten‚
1972 1862 2020 1905 et
2059 1855 2135 1907 vi-

275 1957 384 2006 cino
426 1956 641 2007 Bauatu.

345 2068 497 2120 1356.
535 2074 605 2117 A.
647 2070 1042 2127 campestris.
1098 2067 1172 2117 Pl.
1214 2083 1314 2117 rar.
1352 2066 1521 2133 Hung.
1552 2068 1614 2118 ll.
1658 2075 1692 2117 t.
1726 2068 1846 2119 130.

414 2169 463 2216 ln
504 2168 703 2233 alpibus
756 2165 992 2216 Croatiae
1034 2165 1360 2230 Viszocsica,
1421 2164 1662 2233 Badany,
1721 2166 1911 2216 Debelo
1953 2166 2134 2229 Remo,

269 2269 582 2334 Szegesztan
622 2268 834 2334 aliisque
878 2267 1220 2317 cacuminibus
1262 2241 1501 2318 velessbidl
1566 2266 1690 2315 locis
1740 2246 2000 2332 lapidosis.
2077 2266 2135 2316 In

272 2369 473 2433 alpibus
515 2368 825 2434 Carpathum
879 2367 1065 2432 reperit
1107 2367 1405 2418 Genersich.

344 2482 495 2534 1357.
535 2489 605 2532 A.
647 2499 972 2543 exscapus.

410 2584 465 2632 In
505 2583 650 2634 clivis
689 2583 919 2634 arenosis
959 2582 1213 2641 Pesthini,
1254 2583 1315 2633 ad
1357 2582 1526 2633 Heves
1568 2571 1720 2648 (iuter
1758 2581 1990 2648 silvam),
2039 2583 2134 2633 ali-

274 2682 434 2748 bique.

344 2783 501 2835 1358.
542 2789 596 2832 A
634 2786 1043 2844 hypoglottis.

344 2894 501 2946 1359.
540 2901 611 2945 A.
652 2888 1011 2947 oroboides.

414 2997 469 3045 In
523 2996 636 3061 alpe
687 2996 1077 3048 Kesmarkiensi
1129 2995 1462 3047 Hinterleiteu
1515 2997 1636 3061 legit
1679 2992 2051 3062 Wahlenb'erg',
2104 3014 2134 3048 a

271 3095 526 3147 Mauksch
568 3115 655 3161 pro
694 3097 769 3147 Α.
809 3099 1043 3148 leontino
1081 3098 1303 3149 habitus.

345 3211 498 3263 1369.
538 3212 752 3261 Pisum
791 3213 1081 3263 sativum,

415 3311 687 3376 copiosum
738 3311 872 3362 inter
916 3318 1122 3378 segetes
1173 3309 1475 3374 simoniae,
1524 3311 1836 3375 potissimum
1883 3312 1958 3361 ad·
2001 3311 2135 3362 Kar-

270 3411 421 3462 lovic.
