2195 3657
1871 152 1998 214 283

167 296 344 348 Vilena
382 299 570 362 draga,
607 297 657 346 in
696 298 942 348 montibus
982 300 1041 348 ad
1084 300 1302 350 thermas
1341 299 1601 363 Herculis,
1651 302 1819 352 Matra
1857 303 2001 351 alibi-

161 413 251 460 que
294 404 340 445 et
379 414 465 460 pro
504 394 578 444 R.
628 398 1084 463 pz'mpinellz'folz'a
1133 399 1302 449 habui.
1380 400 1632 450 Mauksch
1683 402 1732 450 in
1773 402 1999 465 Seepusii

159 496 296 561 agris
338 504 384 544 et
425 496 716 560 subalpibus
754 496 876 560 legit
916 496 1026 544 inde
1066 498 1199 547 notis
1240 500 1501 560 donatum,
1559 502 1644 549 sed
1681 500 1884 550 floribus
1924 501 2000 550 fo-

162 595 388 659 liolisque
446 594 720 658 majoribus
776 594 1162 659 interrogandus
1201 613 1262 645 au
1322 598 1488 661 petala
1545 598 1659 648 alba
1728 615 1791 649 an
1850 602 1999 650 rubra

160 695 275 742 sint.
390 693 429 741 E
471 692 717 756 Seepusio
761 693 1013 743 Maukseh
1066 711 1152 757 pro
1191 699 1557 761 spinosissima
1613 698 1772 759 misit,
1834 715 1865 748 a
1904 717 1999 764 qua

160 789 452 854 pedunculis
502 790 692 853 glabris
742 789 921 839 differt.
1034 790 1128 840 Pro
1179 789 1249 838 R.
1291 797 1657 859 spinosissima
1706 797 1853 846 etiam
1895 797 1995 847 Ge-

157 887 354 939 nersirh
397 889 564 949 hahet,
606 896 653 936 et
692 887 945 937 fatendum
987 897 1061 938 est
1100 890 1227 939 inter
1265 892 1394 941 haue
1434 900 1577 957 atque
1605 896 1869 944 alcaicum
1906 914 1996 946 no-

160 997 311 1038 stram
352 1005 525 1052 parum
553 987 852 1037 discriminis
879 1004 1006 1040 esse.
1050 989 1298 1038 Maukseh
1341 1007 1448 1040 eam
1475 993 1637 1042 serius
1664 991 1832 1055 proR.
1856 999 1999 1061 pim-

153 1088 496 1155 pinellaff'olia
538 1088 778 1137 declarat.

250 1215 401 1265 1192.
438 1219 515 1262 R.
558 1215 1090 1273 pimpineuifolia..

299 1311 340 1360 E
383 1311 626 1376 Seepusio
665 1313 796 1361 misit
836 1312 1115 1374 Maukseh,
1171 1329 1324 1378 supra
1377 1314 1601 1364 acidulas
1640 1314 1998 1367 Szalokienses

139 1413 205 1460 ·iu
249 1411 458 1460 dumetis
496 1410 673 1460 lectas.
759 1410 897 1460 Haec
938 1410 1083 1461 unica
1124 1412 1321 1474 petiolis
1373 1420 1448 1461 est
1489 1413 1781 1475 inermibus,
1832 1422 1998 1465 caete-

162 1529 266 1561 rum
305 1510 554 1560 simillima
593 1511 866 1570 altaz'cae,
913 1510 1074 1560 minus
1115 1519 1276 1560 tamen
1316 1513 1564 1564 aculeata.
1639 1514 1890 1563 Maukseh
1923 1516 1999 1563 in-

163 1599 522 1676 terrogandus,
563 1625 624 1658 an
667 1609 834 1673 petala
874 1609 1019 1669 alba,
1060 1626 1121 1659 an
1163 1611 1328 1659 rubra.

255 1738 406 1789 1193.
444 1742 520 1786 R.
551 1738 1004 1795 spinosissima-

301 1834 470 1884 Budae
509 1835 556 1883 in
599 1835 844 1883 montibus
887 1842 933 1881 et
974 1834 1184 1883 collibus
1223 1834 1462 1893 vitiferi83
1521 1833 1568 1883 in
1610 1833 1815 1901 Szituya
1855 1835 1997 1885 valde

163 1934 344 1997 pumila
388 1935 501 2000 (pro
540 1931 614 1982 R.
647 1930 1152 2000 pimpinelle'sblia?
1192 1934 1417 2000 habita),
1459 1935 1520 1983 ad
1562 1934 1788 1997 Rendek,
1829 1935 1996 2000 Gyen-

158 2035 353 2100 gyiisini
396 2035 444 2083 iu
485 2034 735 2098 Sfirliegy.
847 2033 1116 2082 Peduneuli
1168 2034 1455 2098 plerumque
1508 2042 1694 2083 tantum
1746 2036 1868 2084 setis
1907 2038 1997 2085 ad-

158 2135 346 2198 spersi,
400 2137 692 2199 quandoque
734 2133 1092 2198 glabriuseuli,
1157 2134 1471 2198 paucissimis
1511 2144 1728 2184 setarum
1770 2135 1996 2200 vestigiis

156 2235 411 2299 adspersi,
451 2234 645 2298 qualem
689 2235 736 2283 in
774 2234 1115 2283 subumbrosis
1158 2234 1335 2282 montis
1376 2235 1590 2286 tiliarum
1624 2235 1790 2285 Budae
1828 2236 1947 2300 legi.

247 2374 398 2424 1194.
436 2379 512 2424 R.
553 2379 965 2433 adenophora
1002 2374 1136 2424 mihi.

299 2473 443 2523 Rami
486 2475 730 2535 inermes,
772 2475 971 2535 laeves,
1024 2472 1201 2537 glabri.
1313 2473 1458 2521 Folia
1499 2473 1542 2519 bi
1569 2503 1635 2510 —2
1663 2472 1845 2538 trijuga
1887 2488 1995 2521 eum

156 2573 363 2637 impari:
419 2573 603 2623 foliolis
645 2574 1076 2638 oblongo-uvalis
1118 2589 1202 2621 seu
1245 2571 1597 2635 subelliptieis‚
1637 2572 1867 2634 plausis,
1908 2574 1994 2620 du-

159 2674 643 2738 plicato—serratis,
686 2673 976 2722 brevissime
1020 2672 1298 2736 petiolatis,
1338 2672 1510 2735 impari
1551 2672 1698 2736 longe
1740 2671 1994 2735 petiolato,

154 2790 309 2838 supra
351 2773 463 2837 pilis
504 2773 790 2838 adspersis,
844 2775 1017 2822 subtus
1060 2772 1352 2836 praesertim
1406 2779 1543 2820 costa
1587 2779 1632 2818 et
1674 2771 1810 2819 venis
1851 2771 1993 2820 villo-

155 2873 242 2922 sis.
297 2872 473 2922 Petioli
515 2873 635 2921 setis
677 2872 1028 2937 glanduliferis
1072 2871 1317 2932 brevibus,
1361 2870 1761 2935 parcissimisque
1801 2870 1992 2921 aculeis

155 2972 305 3022 rectis
344 2970 592 3035 adspersi.
668 2971 896 3036 Stipulae
937 2988 1046 3020 eum
1088 2971 1269 3033 petiole
1311 2969 1844 3032 semiamplexieaules,
1882 2969 1992 3034 gla-

156 3074 305 3133 brae,
368 3071 937 3137 glanduloso-ciliatae.
1009 3070 1280 3138 Peduneuli
1345 3069 1647 3119 ramulorum
1709 3069 1991 3118 terminales

157 3171 400 3232 solitarii,
460 3170 681 3229 uniflori,
723 3170 934 3234 hispidi,
987 3170 1108 3219 setis
1147 3169 1493 3233 glandulife'ris
1535 3168 1764 3218 brevibus
1802 3167 1991 3232 longis·-

154 3288 244 3336 que
286 3270 643 3333 patentissimis
686 3270 872 3319 densis.
984 3269 1217 3319 Germina
1270 3269 1603 3330 subrotunda,
1651 3265 1989 3330 hispidissima

153 3371 275 3420 setis
311 3369 508 3433 longis,
553 3369 862 3433 patentibus,
901 3367 1265 3434 glanduliferis,
1365 3366 1566 3433 Calyeis
1604 3365 1813 3416 laciniae
1862 3365 1989 3414 inte-
