2195 3657
1859 161 1986 222 287

146 304 267 353 feris
307 304 585 367 adspersis3
638 303 821 353 foliolis
860 305 1163 369 minoribus,
1202 307 1363 371 magis
1404 309 1566 358 acutis
1607 309 1802 359 diversa
1843 327 1871 359 a
1911 309 1981 360 R.

145 404 398 467 vulgari,
438 412 688 454 caeterum
729 403 954 454 omnibus
993 406 1152 468 notis,
1193 423 1316 471 quae
1356 407 1404 456 in
1443 407 1520 458 ΕΙ.
1564 408 1671 456 brit.
1713 408 1985 459 afferuntur

151 502 464 552 conveniens.
543 503 614 551 Ad
655 502 976 556 Korenicam.

219 639 374 691 1207.
412 645 489 687 R.
529 642 760 687 incana
798 639 930 687 mihi.

285 737 469 788 Caules
508 738 950 802 4-——5-pedales,
993 738 1345 802 ramosissimi,
1395 741 1576 790 cortice
1616 743 1790 806 glabro
1832 746 1981 803 laevi,

143 836 332 886 aculeis
371 837 590 900 sparsis,
626 838 876 899 recurvis,
917 839 1108 886 demum
1149 837 1327 888 albidis
1367 848 1573 890 armato.
1633 841 1776 890 Folia
1808 844 1980 907 bijuga

143 945 252 984 cum
292 936 493 1000 impari:
535 936 720 987 foliolis
763 936 923 986 ovatis
964 936 1324 1000 acutiusculis,
1373 947 1459 988 aut
1499 940 1723 989 obovatis
1765 943 1982 991 obtusis-

143 1033 299 1097 simiS,
339 1033 632 1100 simpliciter
672 1035 899 1099 serratis,
938 1043 1022 1085 aut
1062 1037 1331 1086 serraturis
1371 1037 1558 1101 aliquot
1598 1039 1878 1102 duplicatis,
1918 1058 1980 1091 an

147 1133 500 1198 glandulosis‘?
541 1134 649 1184 basi
690 1136 752 1184 ad
795 1133 937 1202 ¹s4—
962 1133 1020 1200 ¹s3
1064 1134 1434 1200 integerrimis,
1481 1155 1633 1202 supra
1673 1140 1982 1188 canescenti-

142 1235 263 1296 bus,
318 1234 731 1299 pubescentibus,
783 1236 956 1283 subtus
1009 1233 1228 1296 incanis,
1279 1236 1813 1288 villoso-tomentosis.
1889 1238 1985 1287 Pe-

143 1331 275 1382 tiolis
314 1333 536 1395 incanis,
576 1332 1123 1397 villoso-tomentosis,
1165 1335 1412 1401 plerisque
1450 1337 1748 1402 inermibus,
1780 1341 1982 1405 quibus-

143 1433 255 1481 dam
297 1450 391 1481 uno
433 1434 654 1483 alterove
697 1433 871 1483 aculeo
928 1451 1136 1484 recurvo
1189 1437 1411 1486 armatis.
1502 1437 1728 1502 Stipulae
1780 1439 1984 1488 laureo-

141 1527 302 1594 latae,
343 1541 520 1581 acutae
561 1542 645 1583 aut
685 1543 731 1582 et
772 1533 1114 1596 acuminatae,
1165 1552 1317 1600 supra
1357 1537 1755 1601 glabriusculae,
1810 1541 1983 1588 subtus

141 1633 708 1694 villoso-tomentosae,
763 1649 940 1683 versus
980 1634 1173 1698 apicem
1214 1636 1466 1699 glandulis
1505 1637 1694 1702 aliquot
1732 1640 1985 1688 subdenti-

142 1731 354 1783 culatae.
433 1732 610 1781 Flores
651 1732 953 1782 ramulorum
994 1733 1315 1797 terminales,
1354 1736 1593 1798 solitarii,
1644 1738 1858 1787 breviter
1898 1756 1984 1803 pe-

140 1830 412 1881 dunculati.
484 1830 757 1880 Pedunculi
796 1831 988 1896 glabri,
1026 1832 1224 1895 laeves.
1304 1833 1538 1884 Germina
1579 1843 1751 1898 ovata,
1790 1839 1984 1900 glabra,

139 1933 321 1983 laevia.
432 1931 634 1995 Calycis
687 1932 898 1983 laciniae
952 1933 1118 1997 petala
1181 1942 1453 1999 aequantes
1504 1942 1551 1983 et
1603 1947 1983 2000 exsuperantes,

138 2032 484 2097 lanceolatae‚
525 2050 632 2081 cum
673 2032 897 2082 acumine
939 2034 1176 2097 producto
1217 2034 1359 2097 apice
1400 2033 1625 2096 dilatato,
1666 2038 1982 2101 subinteger-

139 2131 321 2194 rimae,
360 2131 494 2181 intus
536 2131 858 2197 margineque
897 2132 1137 2191 villosae,
1180 2140 1325 2182 extus
1365 2133 1754 2197 glabriusculae,
1794 2136 1981 2198 laeves,

138 2233 349 2281 nondum
392 2247 504 2281 raro
546 2240 709 2282 tamen
751 2247 895 2281 unam
925 2231 1197 2281 alteramve
1224 2232 1458 2282 laciniam
1485 2233 1597 2282 hinc
1629 2243 1712 2283 aut
1754 2235 1980 2300 utrinque

140 2337 389 2395 gerentes.
492 2330 668 2380 Petala
720 2333 899 2392 rubra,
952 2330 1284 2395 emarginata.
1362 2333 1495 2380 Inter
1536 2333 1895 2383 Schemnicium
1937 2344 1983 2383 et

140 2428 443 2494 Teplicske,
483 2430 546 2479 ad
585 2428 818 2491 Hradek,
859 2430 919 2479 ad
961 2429 1088 2479 viam
1128 2429 1257 2479 inter
1297 2428 1591 2480 Cassoviam
1632 2440 1678 2480 et
1718 2430 1885 2482 Rank.

213 2558 368 2611 1208.
408 2562 485 2606 R.
526 2559 769 2606 canina.

283 2656 510 2707 Occurrit
547 2655 650 2704 fere
692 2654 945 2720 utrinque:
1008 2655 1141 2704 velut
1199 2655 1246 2704 in
1288 2654 1494 2706 Oroatia
1532 2658 1593 2707 ad
1636 2655 1978 2722 Varasdinum,

138 2756 188 2805 in
229 2755 470 2806 Slavonia
507 2757 567 2805 ad
607 2754 942 2816 Essekinum,
982 2753 1338 2804 monasterium
1376 2753 1664 2820 Rakovac,
1697 2754 1744 2804 in
1785 2754 1976 2806 Banatu

139 2854 198 2902 ad
242 2851 505 2903 Oravicam
528 2890 545 2913 ,
582 2851 633 2901 in
669 2850 942 2918 Hegyallja
980 2853 1042 2902 ad
1081 2851 1218 2904 Mad.

213 2978 365 3030 1209.
404 2982 481 3026 R.
520 2979 902 3028 intermedia
939 2979 1073 3029 mihi.

280 3077 470 3126 Frutex
506 3084 730 3128 staturae
769 3075 842 3127 R.
882 3082 1144 3139 caninae,
1186 3076 1367 3126 cortice
1407 3076 1614 3141 glabro,
1650 3075 1813 3135 laevi,
1861 3089 1979 3123 acu-

139 3175 232 3225 leis
285 3177 492 3234 aduncis
543 3177 735 3241 sparsis
786 3177 1096 3243 geminisque
1146 3183 1354 3227 armato.
1461 3175 1607 3225 Folia
1647 3173 1832 3238 trijuga
1870 3187 1978 3219 cum

139 3276 341 3338 impari:
400 3275 587 3327 foliolis
645 3277 835 3339 ovatis,
904 3276 1320 3336 subacuminatis‚
1390 3273 1683 3339 simpliciter
1749 3269 1973 3326 serratis,

141 3374 516 3440 eglandulosis‚
590 3393 745 3442 supra
802 3376 1217 3441 pubescentibus,
1290 3376 1464 3425 subtus
1518 3371 1709 3423 villosis
1764 3367 1976 3431 incaniS,
