2195 3657
198 117 328 179 290

200 289 335 324 vers·
376 269 542 320 Germ.
578 267 706 333 157)
758 269 816 315 de
856 267 953 314 hac
994 271 1134 315 notat
1187 263 1474 330 sequentia:
1525 264 1705 314 Flores
1755 264 2055 330 corymbosi.

199 368 377 418 Petala
427 363 641 415 stamina
681 368 727 410 et
778 361 968 426 pistilla
1009 362 1155 413 ‘alba.
1270 360 1486 428 Calyces
1525 360 1807 426 5-partiti:
1868 360 2056 410 foliolis

199 468 390 528 ovatis,
431 461 691 523 concavis,
731 461 1049 512 acuminatis.

289 562 441 615 1219.
480 567 559 610 R.
597 561 882 611 albicans
922 559 1059 612 mihi.

342 660 528 712 Gaules
586 661 845 726 angulati,
920 659 1165 722 aculeati,
1242 658 1433 709 aculeis
1490 657 1765 723 majoribus
1816 658 2059 721 recurviS,

201 760 475 812 minoribus
517 760 694 822 rectis,
746 760 995 823 setaceis,
1045 759 1264 825 setisque
1306 757 1659 824 glanduliferis
1693 757 1908 821 hispidi,
1967 775 2061 808 nec

199 878 299 911 non
351 859 467 924 pilis
524 859 654 909 albis
711 858 907 923 villosi,
968 858 1206 909 inferiore
1265 864 1408 921 parte
1467 868 1632 907 tamen
1694 850 2087 908 calveseentes.'

199 960 348 1011 Folia
386 967 612 1024 tornata,
664 975 826 1024 pauca
867 958 1095 1024 quinata:
1147 957 1333 1008 foliolis
1374 958 1832 1020 cordato-ovatis,
1881 958 2063 1024 acutiS,

198 1060 532 1127 inaequaliter
593 1060 1152 1126 duplicato-serratis,
1215 1061 1443 1109 dentibus
1509 1058 1701 1109 obtusis
1763 1059 2061 1109 brevissimo

200 1162 391 1213 calloso
433 1163 610 1227 glabro
651 1160 942 1210 mucronulo
983 1158 1282 1223 terminatis,
1321 1159 1550 1224 utrinque
1579 1157 1843 1208 mollisime
1870 1166 2064 1209 tomen-

200 1263 354 1326 tosis,
403 1264 580 1312 subtus
632 1261 925 1327 praesertim
969 1260 1380 1322 candicantibus,
1438 1259 1732 1310 lateralibus
1773 1258 2064 1310 subsessili-

203 1366 325 1429 buS,
367 1361 816 1412 ternato-bilobis.
866 1361 1047 1410 Petioli
1087 1360 1284 1423 villosi,
1324 1359 1822 1426 setisjglanduliferis
1861 1359 2066 1425 hispidi,

202 1462 546 1528 aculeatique:
609 1461 798 1511 aculeis
866 1460 915 1510 in
974 1461 1112 1511 rachi
1166 1461 1452 1511 foliolorum
1505 1460 1716 1526 sparsis.
1831 1459 2063 1525 Stipulae

198 1562 776 1624 lineari-lanceolatae,
815 1561 1080 1625 indivisae,
1123 1564 1419 1627 quandoque
1451 1560 1648 1624 bifidae,
1688 1563 2066 1626 integerrimae,

198 1664 443 1726 villosae,
498 1663 620 1713 setis
670 1663 864 1726 aliquot
917 1663 1268 1727 glanduliferis
1323 1662 1622 1713 subciliatae
1664 1671 1813 1728 atque
1853 1664 2065 1727 adsper-

200 1780 306 1815 sae.
382 1763 564 1814 Flores
603 1764 653 1812 in
695 1763 931 1827 panicula
984 1763 1233 1813 terminali
1286 1764 1715 1827 numerosissimi,
1769 1763 2065 1827 pedunculis

202 1866 456 1930 ramisque
497 1864 761 1929 paniculae
804 1863 1370 1929 glanduloso-hispidis
1411 1865 1789 1930 aculeatisque>3
1852 1864 2067 1915 bracteis

202 1965 407 2028 trifidis,
458 1965 789 2030 acuminatis,
856 1965 1342 2016 albo—tomentosis.
1423 1964 1628 2032 Calycis
1679 1965 1855 2015 foliola
1896 1972 2064 2028 ovata,

201 2084 456 2131 concava,
493 2068 710 2118 breviter
750 2070 1024 2134 obtusoque
1069 2076 1389 2131 mucronata,
1430 2068 1896 2121 albo—tomentosa.
1972 2067 2068 2116 Pe-

202 2168 306 2218 tala
345 2168 518 2235 calyce
557 2168 789 2234 longiora
829 2171 1062 2218 obovata.
1141 2168 1195 2217 In
1235 2167 1401 2231 foliis,
1455 2168 1670 2219 bracteis
1723 2177 1770 2217 et
1811 2168 2067 2235 calycibus

203 2276 419 2318 tomento
460 2268 735 2318 intermixti
777 2276 889 2318 sunt
932 2268 1016 2332 pili
1055 2268 1343 2334 longioreS,
1404 2269 1745 2333 splendentes.
1861 2267 2070 2319 Habitat

200 2370 252 2419 in
289 2369 541 2420 fruticetis
596 2369 775 2419 Cottus
825 2369 1170 2436 Baranyensis
1223 2387 1401 2420 versus
1442 2370 1777 2433 Neoplantam
1829 2368 2066 2434 alibique.

203 2469 332 2520 Huic
391 2472 551 2536 quoad
613 2472 858 2521 adductas
921 2482 1067 2520 notas
1127 2470 1233 2519 fere
1295 2487 1383 2535 per
1441 2474 1606 2521 omnia
1671 2470 1876 2534 similis,
1933 2470 2068 2520 foliis

206 2579 371 2622 tamen
413 2570 638 2636 pluribus
678 2570 925 2637 quinatis,
967 2570 1155 2621 foliolis
1196 2572 1304 2621 basi
1347 2571 1511 2637 magis
1553 2570 1713 2621 ovatis
1755 2572 1817 2620 ad
1840 2567 2070 2638 R.fru-

203 2679 426 2725 ticosum
466 2675 713 2725 accedens
755 2675 915 2724 lectus
956 2682 1031 2724 est
1071 2674 1117 2722 in
1162 2673 1399 2741 Sarhegy
1440 2676 1500 2724 ad
1544 2674 1973 2741 Gyiingyiisinum.
2017 2674 2069 2723 ln

202 2774 446 2825 silvaticis
487 2776 549 2825 ad
588 2774 796 2824 Herlein
837 2775 997 2824 lectus
1040 2773 1226 2823 foliolis
1269 2773 1460 2824 obtusis
1512 2780 1699 2824 tantum
1754 2773 1954 2823 differre
1993 2774 2069 2824 vi-

205 2878 367 2927 detur.
444 2875 540 2926 Vix
582 2875 731 2925 etiam
772 2874 964 2937 differt,
1025 2891 1166 2939 quem
1209 2874 1396 2941 Wolny
1446 2876 1538 2925 sub
1588 2891 1717 2924 nom.
1757 2871 1830 2926 R.
1868 2884 2071 2924 tomen-

202 2978 310 3026 tosz'
345 2974 457 3025 novi
500 2982 547 3024 et
585 2975 726 3026 n.58
748 2975 974 3038 miserat,
1013 2975 1148 3038 lieet,
1188 2977 1502 3047 namtcaulis
1543 2992 1631 3027 seu
1672 2992 1842 3027 ramus
1881 2975 2071 3026 florifer

204 3088 377 3122 omnes
414 3079 561 3122 notas
600 3089 730 3122 nunc
771 3072 1052 3136 descriptas
1089 3071 1308 3122 exhibet.

295 3172 452 3226 1220.
490 3177 568 3222 R.
609 3176 922 3224 saxatilis.

341 3274 400 3324 In
438 3273 717 3339 subalpinis
758 3273 992 3338 Scepusii
1029 3277 1081 3340 (a
1122 3274 1433 3338 Mauksch),
1482 3273 1780 3339 Liptoviae',
1832 3275 2068 3327 Croatiae

207 3372 283 3444 (in
320 3372 589 3426 Plissiviea
629 3381 677 3423 et
715 3373 1000 3443 Velebich).
1081 3374 1131 3425 ln
1179 3374 1399 3438 Carpato
1454 3392 1648 3441 quoque
1697 3375 1795 3442 ipsi
1832 3376 2068 3441 legimus·
